@article{reuter2018no,
	author = {Reuter, Tracy and Feiman, Roman and Snedeker, Jesse},
	date-added = {2021-01-20 12:38:25 -0800},
	date-modified = {2021-01-20 12:38:25 -0800},
	journal = {Child development},
	number = {4},
	pages = {e364--e381},
	publisher = {Wiley Online Library},
	title = {Getting to No: Pragmatic and Semantic Factors in Two-and Three-Year-Olds' Understanding of Negation},
	volume = {89},
	year = {2018}}

@article{feiman2017nonot,
	author = {Feiman, Roman and Mody, Shilpa and Sanborn, Sophia and Carey, Susan},
	date-added = {2021-01-20 12:38:25 -0800},
	date-modified = {2021-01-20 12:38:25 -0800},
	journal = {Language Learning and Development},
	number = {4},
	pages = {430--450},
	publisher = {Taylor \& Francis},
	title = {What do you mean, no? Toddlers' comprehension of logical ``no'' and ``not''},
	volume = {13},
	year = {2017}}

@book{brown1973first,
	Author = {Brown, Roger},
	Date-Added = {2020-08-04 18:36:08 -0700},
	Date-Modified = {2020-08-04 18:36:08 -0700},
	Publisher = {Harvard U. Press},
	Title = {A first language: The early stages.},
	Year = {1973}}

@phdthesis{Zeijlstra2004,
	Author = {Zeijlstra, Hedde},
	Date-Added = {2020-08-04 17:56:17 -0700},
	Date-Modified = {2020-08-04 17:57:24 -0700},
	School = {Netherlands Graduate School of Linguistics},
	Title = {Sentential negation and negative concord},
	Year = {2004}}

@phdthesis{tesan2005children,
	Author = {Tesan, Graciela Mariel},
	Date-Added = {2020-08-04 17:36:50 -0700},
	Date-Modified = {2020-08-04 17:36:50 -0700},
	Title = {What do children have in their heads? Functional heads and parameter setting in child language},
	Year = {2005}}

@article{thorntonTesan2013,
	Author = {Thornton, Rosalind and Tesan, Graciela},
	Date-Added = {2020-07-30 09:21:57 -0700},
	Date-Modified = {2020-07-30 09:22:30 -0700},
	Journal = {Journal of Linguistics},
	Pages = {367--411},
	Publisher = {JSTOR},
	Title = {Sentential negation in early child English},
	Year = {2013}}

@article{schutze2010status,
	Author = {Sch{\"u}tze, Carson T},
	Date-Added = {2020-07-30 09:21:14 -0700},
	Date-Modified = {2020-07-30 09:21:14 -0700},
	Journal = {Language Acquisition},
	Number = {4},
	Pages = {235--271},
	Publisher = {Taylor \& Francis},
	Title = {The status of nonagreeing don't and theories of root infinitives},
	Volume = {17},
	Year = {2010}}

@article{StromswoldZimmermann2000,
	Author = {Stromswold, Karin and Zimmermann, Kai},
	Date-Added = {2020-07-29 18:09:21 -0700},
	Date-Modified = {2020-08-05 11:05:23 -0700},
	Journal = {Language Acquisition},
	Number = {2},
	Pages = {101--127},
	Publisher = {Taylor \& Francis},
	Title = {Acquisition of Nein and Nicht and the VP-internal subject stage in German},
	Volume = {8},
	Year = {2000}}

@book{chomsky1993lectures,
	Author = {Chomsky, Noam},
	Date-Added = {2020-07-29 17:26:34 -0700},
	Date-Modified = {2020-07-29 17:26:34 -0700},
	Number = {9},
	Publisher = {Walter de Gruyter},
	Title = {Lectures on government and binding: The Pisa lectures},
	Year = {1993}}

@article{koopman1991position,
	Author = {Koopman, Hilda and Sportiche, Dominique},
	Date-Added = {2020-07-29 17:24:08 -0700},
	Date-Modified = {2020-07-29 17:24:08 -0700},
	Journal = {Lingua},
	Number = {2-3},
	Pages = {211--258},
	Publisher = {Elsevier},
	Title = {The position of subjects},
	Volume = {85},
	Year = {1991}}

@article{cameron2007part,
	Author = {Cameron-Faulkner, Thea and Lieven, Elena and Theakston, Anna},
	Date-Added = {2020-07-27 16:46:11 -0700},
	Date-Modified = {2020-07-27 16:46:11 -0700},
	Journal = {Journal of Child Language},
	Number = {2},
	Pages = {251},
	Title = {What part of no do children not understand? A usage-based account of multiword negation},
	Volume = {34},
	Year = {2007}}

@article{deprez1993negation,
	Author = {D{\'e}prez, Viviane and Pierce, Amy},
	Date-Added = {2020-07-27 16:31:26 -0700},
	Date-Modified = {2020-07-27 16:31:26 -0700},
	Journal = {Linguistic inquiry},
	Pages = {25--67},
	Publisher = {JSTOR},
	Title = {Negation and functional projections in early grammar},
	Year = {1993}}

@article{lange1973syntactical,
	Author = {Lange, S and Larsson, K},
	Date-Added = {2020-07-24 10:17:55 -0700},
	Date-Modified = {2020-07-24 10:17:55 -0700},
	Journal = {Project Child Language Syntax},
	Publisher = {Stockholm Universitet: Institutionen f{\"o}r Nordiska Spr{\aa}k},
	Title = {Syntactical development of a Swedish girl, Embla, between 20 and 42 months of age, part I: age 20-25 months},
	Year = {1973}}

@misc{klima1964negation,
	Author = {Klima, Edward},
	Date-Added = {2020-07-23 11:33:15 -0700},
	Date-Modified = {2020-07-23 11:33:15 -0700},
	Publisher = {Englewood Cliffs, NJ: Prentice-Hall},
	Title = {Negation in English. The structure of language, ed. by JA Fodor and JJ Katz, 246-323},
	Year = {1964}}

@book{bloom1970,
	Address = {Cambridge, MA},
	Author = {Bloom, Lois Masket},
	Date-Added = {2020-07-23 09:03:31 -0700},
	Date-Modified = {2020-07-23 09:06:09 -0700},
	Publisher = {MIT press},
	Title = {Language development: Form and function in emerging grammars.},
	Year = {1970}}

@article{de1979form,
	Author = {de Villiers, Peter A and de Villiers, Jill G},
	Date-Added = {2020-07-22 15:12:43 -0700},
	Date-Modified = {2020-07-22 15:12:43 -0700},
	Journal = {Papers and Reports on Child Language Development},
	Pages = {57--64},
	Title = {Form and function in the development of sentence negation},
	Volume = {17},
	Year = {1979}}

@article{lord1974variations,
	Author = {Lord, Carol},
	Date-Added = {2020-07-22 14:35:50 -0700},
	Date-Modified = {2020-07-22 14:35:50 -0700},
	Journal = {Papers and Reports on Child Language Development},
	Pages = {78--86},
	Title = {Variations in the acquisition of negation},
	Volume = {8},
	Year = {1974}}

@inproceedings{mcneill1968does,
	Author = {McNeill, David and McNeill, Nobuko B},
	Booktitle = {Proceedings of the conference on language and language behavior. New York: Appleton-Century-Crofts},
	Date-Added = {2020-07-21 17:03:04 -0700},
	Date-Modified = {2020-07-21 17:05:40 -0700},
	Pages = {51--62},
	Title = {What does a child mean when he says "No"?},
	Year = {1968}}

@article{drozd1995,
	Author = {Drozd, Kenneth F},
	Date-Added = {2020-05-13 14:59:43 -0400},
	Date-Modified = {2020-07-27 17:17:22 -0700},
	Journal = {Journal of Child Language},
	Number = {3},
	Pages = {583--610},
	Publisher = {Cambridge University Press},
	Title = {Child English pre-sentential negation as metalinguistic exclamatory sentence negation},
	Volume = {22},
	Year = {1995}}

@article{sanchez2019childes,
	Author = {Sanchez, Alessandro and Meylan, Stephan C and Braginsky, Mika and MacDonald, Kyle E and Yurovsky, Daniel and Frank, Michael C},
	Date-Added = {2020-05-13 14:48:50 -0400},
	Date-Modified = {2020-05-13 14:48:50 -0400},
	Journal = {Behavior research methods},
	Number = {4},
	Pages = {1928--1941},
	Publisher = {Springer},
	Title = {childes-db: A flexible and reproducible interface to the child language data exchange system},
	Volume = {51},
	Year = {2019}}

@article{deVilliers1979,
	Author = {{de Villiers}, Peter A and {de Villiers}, Jill G},
	Date-Added = {2020-05-12 10:49:40 -0400},
	Date-Modified = {2020-05-12 10:55:58 -0400},
	Journal = {Papers and Reports on Child Language Development},
	Pages = {57--64},
	Title = {Form and function in the development of sentence negation},
	Volume = {17},
	Year = {1979}}

@article{park1979some,
	Author = {Park, Tschang-Zin},
	Date-Added = {2020-05-12 10:48:55 -0400},
	Date-Modified = {2020-05-12 10:48:55 -0400},
	Journal = {Journal of Child Language},
	Number = {1},
	Pages = {147--151},
	Publisher = {Cambridge University Press},
	Title = {Some facts on negation: Wode's four-stage developmental theory of negation revisited},
	Volume = {6},
	Year = {1979}}

@article{wode1977four,
	Author = {Wode, Henning},
	Date-Added = {2020-05-12 09:49:58 -0400},
	Date-Modified = {2020-05-12 09:49:58 -0400},
	Journal = {Journal of child language},
	Number = {1},
	Pages = {87--102},
	Publisher = {Cambridge University Press},
	Title = {Four early stages in the development of LI negation},
	Volume = {4},
	Year = {1977}}

@article{choi1988semantic,
	Author = {Choi, Soonja},
	Date-Added = {2020-04-16 10:40:43 -0400},
	Date-Modified = {2020-04-16 10:40:43 -0400},
	Journal = {Journal of child language},
	Number = {3},
	Pages = {517--531},
	Publisher = {Cambridge University Press},
	Title = {The semantic development of negation: a cross-linguistic longitudinal study},
	Volume = {15},
	Year = {1988}}

@incollection{klimaBellugi1966,
	Author = {Klima, Edward S and Bellugi, Ursula},
	Booktitle = {Psycholinguistics papers},
	Date-Added = {2020-04-16 10:35:14 -0400},
	Date-Modified = {2020-04-16 10:36:16 -0400},
	Pages = {183--207},
	Publisher = {Edinburgh University Press},
	Title = {Syntactic regularities in the speech of children},
	Year = {1966}}

@article{austin2014young,
	Author = {Austin, Keith and Theakston, Anna and Lieven, Elena and Tomasello, Michael},
	Date-Added = {2020-04-08 11:29:22 -0400},
	Date-Modified = {2020-04-08 11:29:22 -0400},
	Journal = {Developmental psychology},
	Number = {8},
	Pages = {2061},
	Publisher = {American Psychological Association},
	Title = {Young children's understanding of denial.},
	Volume = {50},
	Year = {2014}}

@article{smith2011cross,
	Author = {Smith, Kenny and Smith, Andrew DM and Blythe, Richard A},
	Date-Added = {2019-10-16 22:28:07 -0400},
	Date-Modified = {2019-10-16 22:28:07 -0400},
	Journal = {Cognitive Science},
	Number = {3},
	Pages = {480--498},
	Publisher = {Wiley Online Library},
	Title = {Cross-situational learning: An experimental study of word-learning mechanisms},
	Volume = {35},
	Year = {2011}}

@article{siskind1996computational,
	Author = {Siskind, Jeffrey Mark},
	Date-Added = {2019-10-16 11:43:26 -0400},
	Date-Modified = {2019-10-16 11:43:26 -0400},
	Journal = {Cognition},
	Number = {1-2},
	Pages = {39--91},
	Publisher = {Elsevier},
	Title = {A computational study of cross-situational techniques for learning word-to-meaning mappings},
	Volume = {61},
	Year = {1996}}

@article{yu2007rapid,
	Author = {Yu, Chen and Smith, Linda B},
	Date-Added = {2019-10-16 11:41:42 -0400},
	Date-Modified = {2019-10-16 11:41:42 -0400},
	Journal = {Psychological science},
	Number = {5},
	Pages = {414--420},
	Publisher = {SAGE Publications Sage CA: Los Angeles, CA},
	Title = {Rapid word learning under uncertainty via cross-situational statistics},
	Volume = {18},
	Year = {2007}}

@article{markman1990constraints,
	Author = {Markman, Ellen M},
	Date-Added = {2019-10-16 10:16:33 -0400},
	Date-Modified = {2019-10-16 10:16:33 -0400},
	Journal = {Cognitive science},
	Number = {1},
	Pages = {57--77},
	Publisher = {Wiley Online Library},
	Title = {Constraints children place on word meanings},
	Volume = {14},
	Year = {1990}}

@book{Rijsbergen1979,
	Address = {Newton, MA, USA},
	Author = {Rijsbergen, C. J. Van},
	Date-Added = {2019-10-09 11:03:25 -0400},
	Date-Modified = {2019-10-09 11:04:16 -0400},
	Edition = {2nd},
	Isbn = {0408709294},
	Publisher = {Butterworth-Heinemann},
	Title = {Information Retrieval},
	Year = {1979}}

@article{brown1957linguistic,
	Author = {Brown, Roger W},
	Date-Added = {2019-10-03 16:13:44 -0400},
	Date-Modified = {2019-10-03 16:13:44 -0400},
	Journal = {The Journal of Abnormal and Social Psychology},
	Number = {1},
	Pages = {1},
	Publisher = {American Psychological Association},
	Title = {Linguistic determinism and the part of speech.},
	Volume = {55},
	Year = {1957}}

@unpublished{jasbiWaldonDegan2017,
	Author = {Masoud Jasbi and Brandon Waldon and Judith Degen},
	Date-Added = {2018-08-01 09:55:25 -0700},
	Date-Modified = {2018-08-24 11:08:16 -0400},
	Title = {Linking hypothesis and number of response options modulate inferred scalar implicature rate},
	Year = {submitted}}

@article{gecckin2018children,
	Author = {Geckin, Vasfiye and Thornton, Rosalind and Crain, Stephen},
	Date-Added = {2018-07-20 17:25:05 +0000},
	Date-Modified = {2018-08-23 18:36:15 -0400},
	Journal = {Language Acquisition},
	Number = {2},
	Pages = {197--212},
	Publisher = {Taylor \& Francis},
	Title = {Children's interpretation of disjunction in negative sentences: A comparison of {T}urkish and {G}erman},
	Volume = {25},
	Year = {2018}}

@article{hochstein2014ignorance,
	Author = {Hochstein, Lara and Bale, Alan and Fox, Danny and Barner, David},
	Date-Added = {2018-07-18 20:35:31 +0000},
	Date-Modified = {2018-08-23 19:34:32 -0400},
	Journal = {Journal of Semantics},
	Number = {1},
	Pages = {107--135},
	Publisher = {Oxford University Press},
	Title = {Ignorance and inference: do problems with {G}ricean epistemic reasoning explain children's difficulty with scalar implicature?Gricean epistemic reasoning explain children's difficulty with scalar implicature?},
	Volume = {33},
	Year = {2014}}

@article{neimark1970,
	Author = {Neimark, Edith D},
	Date-Added = {2018-07-12 20:52:39 +0000},
	Date-Modified = {2018-07-12 20:54:11 +0000},
	Journal = {Psychonomic Science},
	Number = {4},
	Pages = {217--219},
	Publisher = {Springer},
	Title = {Development of comprehension of logical connectives: Understanding of ``or''},
	Volume = {21},
	Year = {1970}}

@article{fisher2010syntactic,
	Author = {Fisher, Cynthia and Gertner, Yael and Scott, Rose M and Yuan, Sylvia},
	Date-Added = {2018-05-31 19:11:57 +0000},
	Date-Modified = {2018-05-31 19:11:57 +0000},
	Journal = {Wiley Interdisciplinary Reviews: Cognitive Science},
	Number = {2},
	Pages = {143--149},
	Publisher = {Wiley Online Library},
	Title = {Syntactic bootstrapping},
	Volume = {1},
	Year = {2010}}

@incollection{monaghan2014multiple,
	Address = {Thousand Oaks, CA},
	Author = {Monaghan, P and Christiansen, MH},
	Booktitle = {Encyclopedia of Language Development},
	Date-Added = {2018-05-31 01:13:48 +0000},
	Date-Modified = {2018-08-24 11:18:52 -0400},
	Editor = {Brooks, P and Kempe, V},
	Journal = {Encyclopedia of language development},
	Pages = {389--392},
	Publisher = {Sage Publications},
	Title = {Multiple cues in language acquisition},
	Year = {2014}}

@article{pedregosa2011scikit,
	Author = {Pedregosa, Fabian and Varoquaux, Ga{\"e}l and Gramfort, Alexandre and Michel, Vincent and Thirion, Bertrand and Grisel, Olivier and Blondel, Mathieu and Prettenhofer, Peter and Weiss, Ron and Dubourg, Vincent and others},
	Date-Added = {2018-05-30 17:19:19 +0000},
	Date-Modified = {2018-05-30 17:19:19 +0000},
	Journal = {Journal of machine learning research},
	Number = {Oct},
	Pages = {2825--2830},
	Title = {Scikit-learn: Machine learning in Python},
	Volume = {12},
	Year = {2011}}

@article{bates2014lme4,
	Author = {Bates, Douglas and Maechler, Martin and Bolker, Ben and Walker, Steven and others},
	Date-Added = {2018-05-30 17:18:54 +0000},
	Date-Modified = {2018-05-30 17:18:54 +0000},
	Journal = {R package version},
	Number = {7},
	Pages = {1--23},
	Title = {lme4: Linear mixed-effects models using Eigen and S4},
	Volume = {1},
	Year = {2014}}

@article{wynn1992children,
	Author = {Karen Wynn},
	Date-Added = {2018-05-16 00:44:39 +0000},
	Date-Modified = {2018-08-15 11:58:10 -0400},
	Journal = {Cognitive psychology},
	Number = {2},
	Pages = {220--251},
	Publisher = {Elsevier},
	Title = {Children's acquisition of the number words and the counting system},
	Volume = {24},
	Year = {1992}}

@article{bloom1997linguistic,
	Author = {Paul Bloom and Karen Wynn},
	Date-Added = {2018-05-15 22:48:41 +0000},
	Date-Modified = {2018-06-06 18:11:46 +0000},
	Journal = {Journal of Child language},
	Number = {3},
	Pages = {511--533},
	Publisher = {Cambridge University Press},
	Title = {Linguistic cues in the acquisition of number words},
	Volume = {24},
	Year = {1997}}

@article{noveck2001children,
	Author = {Noveck, Ira A},
	Date-Added = {2018-05-14 05:09:41 +0000},
	Date-Modified = {2018-05-14 05:09:41 +0000},
	Journal = {Cognition},
	Number = {2},
	Pages = {165--188},
	Publisher = {Elsevier},
	Title = {When children are more logical than adults: Experimental investigations of scalar implicature},
	Volume = {78},
	Year = {2001}}

@article{pouscoulous2007developmental,
	Author = {Pouscoulous, Nausicaa and Noveck, Ira A and Politzer, Guy and Bastide, Anne},
	Date-Added = {2018-05-14 01:23:46 +0000},
	Date-Modified = {2018-05-14 01:23:46 +0000},
	Journal = {Language acquisition},
	Number = {4},
	Pages = {347--375},
	Publisher = {Taylor \& Francis},
	Title = {A developmental investigation of processing costs in implicature production},
	Volume = {14},
	Year = {2007}}

@incollection{pouscoulous2009going,
	Address = {Berlin},
	Author = {Pouscoulous, Nausicaa and Noveck, Ira A},
	Booktitle = {Language acquisition},
	Date-Added = {2018-05-14 01:21:13 +0000},
	Date-Modified = {2018-08-24 11:28:03 -0400},
	Editor = {Susan Foster-Cohen},
	Pages = {196--215},
	Publisher = {Springer},
	Title = {Going beyond semantics: The development of pragmatic enrichment},
	Year = {2009}}

@incollection{katsos2014scalar,
	Address = {Amsterdam},
	Author = {Napoleon Katsos},
	Booktitle = {Pragmatic development in first language acquisition},
	Date-Added = {2018-05-14 01:17:51 +0000},
	Date-Modified = {2018-08-24 11:12:41 -0400},
	Editor = {Matthews, Danielle},
	Pages = {183---198},
	Publisher = {John Benjamins},
	Title = {Scalar implicature},
	Volume = {10},
	Year = {2014}}

@article{barner2011accessing,
	Author = {Barner, David and Brooks, Neon and Bale, Alan},
	Date-Added = {2018-05-13 20:02:15 +0000},
	Date-Modified = {2018-05-13 20:02:15 +0000},
	Journal = {Cognition},
	Number = {1},
	Pages = {84--93},
	Publisher = {Elsevier},
	Title = {Accessing the unsaid: The role of scalar alternatives in children's pragmatic inference},
	Volume = {118},
	Year = {2011}}

@phdthesis{shi1996perceptual,
	Author = {Shi, Rushen},
	Date-Added = {2018-05-13 16:23:32 +0000},
	Date-Modified = {2018-08-24 11:31:57 -0400},
	School = {Brown {University}},
	Title = {Perceptual correlates of content words and function words in early language input.},
	Year = {1995}}

@article{baldwin1993infants,
	Author = {Dare Baldwin},
	Date-Added = {2018-05-11 06:12:14 +0000},
	Date-Modified = {2018-08-24 12:12:09 -0400},
	Journal = {Journal of child language},
	Number = {2},
	Pages = {395--418},
	Publisher = {Cambridge University Press},
	Title = {Infants' ability to consult the speaker for clues to word reference},
	Volume = {20},
	Year = {1993}}

@article{markman1988children,
	Author = {Markman, Ellen M and Wachtel, Gwyn F},
	Date-Added = {2018-05-11 05:30:48 +0000},
	Date-Modified = {2018-05-11 05:30:48 +0000},
	Journal = {Cognitive psychology},
	Number = {2},
	Pages = {121--157},
	Publisher = {Elsevier},
	Title = {Children's use of mutual exclusivity to constrain the meanings of words},
	Volume = {20},
	Year = {1988}}

@article{hollich2000breaking,
	Author = {Hollich, George J and Hirsh-Pasek, Kathy and Golinkoff, Roberta Michnick and Brand, Rebecca and Brown, Ellie and Chung, He Len and Hennon, Elizabeth and Rocroi, Camille},
	Date-Added = {2018-05-11 04:20:57 +0000},
	Date-Modified = {2018-08-24 11:01:50 -0400},
	Journal = {Monographs of the society for research in child development},
	Number = {3},
	Pages = {1--123},
	Publisher = {Wiley-Blackwell},
	Title = {Breaking the language barrier: An emergentist coalition model for the origins of word learning},
	Volume = {65},
	Year = {2000}}

@article{markman1984children,
	Author = {Markman, Ellen M and Hutchinson, Jean E},
	Date-Added = {2018-05-11 04:09:33 +0000},
	Date-Modified = {2018-05-11 04:09:33 +0000},
	Journal = {Cognitive psychology},
	Number = {1},
	Pages = {1--27},
	Publisher = {Elsevier},
	Title = {Children's sensitivity to constraints on word meaning: Taxonomic versus thematic relations},
	Volume = {16},
	Year = {1984}}

@incollection{clark1987principle,
	Address = {Hillsdale, NJ},
	Author = {Clark, Eve V},
	Booktitle = {Mechanisms of Language Acquisition},
	Date-Added = {2018-05-10 23:55:13 +0000},
	Date-Modified = {2018-08-26 23:48:39 -0400},
	Editor = {Brian MacWhinney},
	Journal = {Mechanisms of language acquisition},
	Pages = {1-33},
	Publisher = {Lawrence Erlbaum},
	Title = {The principle of contrast: A constraint on language acquisition},
	Year = {1987}}

@inproceedings{ho1995random,
	Address = {Washington, DC, USA},
	Author = {Ho, Tin Kam},
	Booktitle = {Proceedings of the third international conference on document analysis and recognition},
	Date-Added = {2018-05-10 18:32:42 +0000},
	Date-Modified = {2018-08-23 19:34:00 -0400},
	Pages = {278--282},
	Publisher = {{IEEE} Computer Society},
	Title = {Random decision forests},
	Volume = {1},
	Year = {1995}}

@book{quine1960word,
	Address = {Cambridge, MA},
	Author = {Quine, Willard Van Orman},
	Date-Added = {2018-05-09 18:08:06 +0000},
	Date-Modified = {2018-08-24 11:28:22 -0400},
	Publisher = {MIT press},
	Title = {Word and object},
	Year = {1960}}

@article{barr2013random,
	Author = {Barr, Dale J and Levy, Roger and Scheepers, Christoph and Tily, Harry J},
	Date-Added = {2018-05-03 22:53:59 +0000},
	Date-Modified = {2018-05-03 22:53:59 +0000},
	Journal = {Journal of memory and language},
	Number = {3},
	Pages = {255--278},
	Publisher = {Elsevier},
	Title = {Random effects structure for confirmatory hypothesis testing: Keep it maximal},
	Volume = {68},
	Year = {2013}}

@article{burkner2016brms,
	Author = {B{\"u}rkner, Paul-Christian and others},
	Date-Added = {2018-05-03 22:51:10 +0000},
	Date-Modified = {2018-05-03 22:51:10 +0000},
	Journal = {Journal of Statistical Software},
	Number = {1},
	Pages = {1--28},
	Title = {brms: An R package for Bayesian multilevel models using Stan},
	Volume = {80},
	Year = {2016}}

@incollection{giannakidou2011negative,
	Author = {Anastasia Giannakidou},
	Booktitle = {Semantics: An International Handbook of Natural Language Meaning. De Gruyter, Berlin (to appear)},
	Date-Added = {2018-05-01 22:41:54 +0000},
	Date-Modified = {2018-08-23 18:40:57 -0400},
	Editor = {Claudia Maienborn and Klaus von Heusinger and Paul Portner},
	Pages = {1660--1712},
	Publisher = {De Gruyter Mouton},
	Title = {Negative and positive polarity items: Variation, licensing, and compositionality},
	Year = {2011}}

@phdthesis{horn1972semantic,
	Author = {Horn, Laurence},
	Date-Added = {2018-04-19 02:00:43 +0000},
	Date-Modified = {2018-08-24 11:04:09 -0400},
	School = {University of {C}alifornia {L}os {A}ngeles},
	Title = {On the semantic properties of logical operators in {E}nglish},
	Year = {1972}}

@book{geurts2010quantity,
	Address = {Cambridge},
	Author = {Geurts, Bart},
	Date-Added = {2018-04-10 22:46:06 +0000},
	Date-Modified = {2018-08-23 18:36:55 -0400},
	Publisher = {Cambridge University Press},
	Title = {Quantity implicatures},
	Year = {2010}}

@article{mazzocco1997children,
	Author = {Mazzocco, Mich{\`e}le MM},
	Date-Added = {2018-04-06 03:48:57 +0000},
	Date-Modified = {2018-04-06 03:48:57 +0000},
	Journal = {Journal of Child Language},
	Number = {2},
	Pages = {441--467},
	Publisher = {Cambridge University Press},
	Title = {Children's interpretations of homonyms: A developmental study},
	Volume = {24},
	Year = {1997}}

@article{bontly2005modified,
	Author = {Bontly, Thomas D},
	Date-Added = {2018-04-06 02:44:08 +0000},
	Date-Modified = {2018-04-06 02:44:08 +0000},
	Journal = {Mind \&amp; language},
	Number = {3},
	Pages = {288--312},
	Publisher = {Wiley Online Library},
	Title = {Modified Occam's Razor: Parsimony, pragmatics, and the acquisition of word meaning},
	Volume = {20},
	Year = {2005},
	Bdsk-File-1 = {YnBsaXN0MDDSAQIDBFxyZWxhdGl2ZVBhdGhZYWxpYXNEYXRhXxBMLi4vLi4vLi4vRGVza3RvcC9EZWxQaW5hbC1XYWxkb24yMDE5X0FydGljbGVfTW9kYWxzVW5kZXJFcGlzdGVtaWNUZW5zaW9uLnBkZk8RAfYAAAAAAfYAAgAADE1hY2ludG9zaCBIRAAAAAAAAAAAAAAAAAAAAAAAAABCRAAB/////x9EZWxQaW5hbC1XYWxkb24yMDEjRkZGRkZGRkYucGRmAAAAAAAAAAAAAAAAAAAAAAAAAAAAAAAAAAAAAAAAAAD/////AAAAAAAAAAAAAAAAAAMAAgAACiBjdQAAAAAAAAAAAAAAAAAHRGVza3RvcAAAAgBSLzpVc2VyczpNYXNvdWQ6RGVza3RvcDpEZWxQaW5hbC1XYWxkb24yMDE5X0FydGljbGVfTW9kYWxzVW5kZXJFcGlzdGVtaWNUZW5zaW9uLnBkZgAOAHgAOwBEAGUAbABQAGkAbgBhAGwALQBXAGEAbABkAG8AbgAyADAAMQA5AF8AQQByAHQAaQBjAGwAZQBfAE0AbwBkAGEAbABzAFUAbgBkAGUAcgBFAHAAaQBzAHQAZQBtAGkAYwBUAGUAbgBzAGkAbwBuAC4AcABkAGYADwAaAAwATQBhAGMAaQBuAHQAbwBzAGgAIABIAEQAEgBQVXNlcnMvTWFzb3VkL0Rlc2t0b3AvRGVsUGluYWwtV2FsZG9uMjAxOV9BcnRpY2xlX01vZGFsc1VuZGVyRXBpc3RlbWljVGVuc2lvbi5wZGYAEwABLwAAFQACAA3//wAAAAgADQAaACQAcwAAAAAAAAIBAAAAAAAAAAUAAAAAAAAAAAAAAAAAAAJt}}

@article{geis1971invited,
	Author = {Geis, Michael L and Zwicky, Arnold M},
	Date-Added = {2018-04-05 01:02:16 +0000},
	Date-Modified = {2018-04-05 01:02:16 +0000},
	Journal = {Linguistic inquiry},
	Number = {4},
	Pages = {561--566},
	Publisher = {JSTOR},
	Title = {On invited inferences},
	Volume = {2},
	Year = {1971}}

@book{kaufmann2011interpreting,
	Author = {Kaufmann, Magdalena},
	Date-Added = {2018-04-04 18:33:52 +0000},
	Date-Modified = {2018-04-04 18:33:52 +0000},
	Publisher = {Springer Science \&amp; Business Media},
	Title = {Interpreting imperatives},
	Volume = {88},
	Year = {2011}}

@incollection{fox2007free,
	Address = {Basingstoke},
	Author = {Fox, Danny},
	Booktitle = {Presupposition and implicature in compositional semantics},
	Date-Added = {2018-04-04 18:17:30 +0000},
	Date-Modified = {2018-08-23 18:31:33 -0400},
	Editor = {Uli Sauerland and Penka Stateva},
	Pages = {71--120},
	Publisher = {Palgrave Macmillan},
	Title = {Free choice and the theory of scalar implicatures},
	Year = {2007}}

@article{barner2009finding,
	Author = {Barner, David and Chow, Katherine and Yang, Shu-Ju},
	Date-Added = {2018-04-02 19:08:34 +0000},
	Date-Modified = {2018-04-02 19:08:34 +0000},
	Journal = {Cognitive psychology},
	Number = {2},
	Pages = {195--219},
	Publisher = {Elsevier},
	Title = {Finding one's meaning: A test of the relation between quantifiers and integers in language development},
	Volume = {58},
	Year = {2009}}

@article{geurts2005entertaining,
	Author = {Geurts, Bart},
	Date-Added = {2018-03-31 22:27:46 +0000},
	Date-Modified = {2018-03-31 22:27:46 +0000},
	Journal = {Natural language semantics},
	Number = {4},
	Pages = {383--410},
	Publisher = {Springer},
	Title = {Entertaining alternatives: Disjunctions as modals},
	Volume = {13},
	Year = {2005}}

@book{macwhinney2014competing,
	Author = {MacWhinney, Brian and Malchukov, Andrej and Moravcsik, Edith},
	Date-Added = {2018-03-30 23:59:05 +0000},
	Date-Modified = {2018-03-30 23:59:05 +0000},
	Publisher = {OUP Oxford},
	Title = {Competing motivations in grammar and usage},
	Year = {2014}}

@webpage{asd,
	Author = {bob},
	Date-Added = {2018-03-19 22:16:30 +0000},
	Date-Modified = {2018-03-19 22:19:49 +0000},
	Lastchecked = {2342},
	Title = {language},
	Url = {laksjdf},
	Year = {23423},
	Bdsk-Url-1 = {laksjdf}}

@article{heeman1999speech,
	Author = {Heeman, Peter A and Allen, James F},
	Date-Added = {2018-03-14 19:47:56 +0000},
	Date-Modified = {2018-03-14 19:47:56 +0000},
	Journal = {Computational Linguistics},
	Number = {4},
	Pages = {527--571},
	Publisher = {MIT Press},
	Title = {Speech repairs, intonational phrases, and discourse markers: modeling speakers' utterances in spoken dialogue},
	Volume = {25},
	Year = {1999}}

@incollection{gabbay2012logic,
	Author = {Daniel Bonevac and Josh Dever},
	Booktitle = {Logic: A History of its Central Concepts},
	Date-Added = {2018-03-08 18:29:56 +0000},
	Date-Modified = {2018-08-23 18:18:38 -0400},
	Editor = {Gabbay, Dov M and Pelletier, Francis Jeffry and Woods, John},
	Publisher = {Elsevier},
	Title = {A History of The Connectives},
	Volume = {11},
	Year = {2012}}

@inproceedings{potts2015negotiating,
	Author = {Potts, Christopher and Levy, Roger},
	Booktitle = {Proceedings of the Annual Meeting of the {B}erkeley Linguistics Society 41},
	Date-Added = {2018-03-05 21:44:05 +0000},
	Date-Modified = {2018-08-24 11:27:33 -0400},
	Pages = {417--445},
	Title = {Negotiating lexical uncertainty and speaker expertise with disjunction},
	Year = {2015}}

@book{grice1989studies,
	Address = {Cambridge, MA},
	Author = {Grice, H Paul},
	Date-Added = {2018-03-01 20:25:29 +0000},
	Date-Modified = {2018-08-23 19:21:56 -0400},
	Publisher = {Harvard University Press},
	Title = {Studies in the Way of Words},
	Year = {1989}}

@book{fleiss2013statistical,
	Address = {New York},
	Author = {Fleiss, Joseph L and Levin, Bruce and Paik, Myunghee Cho},
	Date-Added = {2018-02-28 18:21:53 +0000},
	Date-Modified = {2018-08-23 18:27:18 -0400},
	Publisher = {John Wiley \&amp; Sons},
	Title = {Statistical methods for rates and proportions},
	Year = {2013}}

@article{cicchetti1990high,
	Author = {Cicchetti, Domenic V and Feinstein, Alvan R},
	Date-Added = {2018-02-26 17:53:19 +0000},
	Date-Modified = {2018-02-26 17:53:19 +0000},
	Journal = {Journal of clinical epidemiology},
	Number = {6},
	Pages = {551--558},
	Publisher = {Elsevier},
	Title = {High agreement but low kappa: II. Resolving the paradoxes},
	Volume = {43},
	Year = {1990}}

@article{feinstein1990high,
	Author = {Feinstein, Alvan R and Cicchetti, Domenic V},
	Date-Added = {2018-02-26 17:53:03 +0000},
	Date-Modified = {2018-02-26 17:53:03 +0000},
	Journal = {Journal of clinical epidemiology},
	Number = {6},
	Pages = {543--549},
	Publisher = {Elsevier},
	Title = {High agreement but low kappa: I. The problems of two paradoxes},
	Volume = {43},
	Year = {1990}}

@inproceedings{kamp1973free,
	Author = {Kamp, Hans},
	Booktitle = {Proceedings of the {A}ristotelian Society},
	Date-Added = {2018-02-21 19:53:19 +0000},
	Date-Modified = {2018-08-24 11:09:39 -0400},
	Pages = {57--74},
	Title = {Free choice permission},
	Volume = {74},
	Year = {1973}}

@incollection{wexler1987parameters,
	Author = {Wexler, Kenneth and Manzini, M Rita},
	Booktitle = {Parameter setting},
	Date-Added = {2018-02-20 01:49:36 +0000},
	Date-Modified = {2018-02-20 01:49:36 +0000},
	Editor = {Thomas Roeper and Edwin Williams},
	Pages = {41--76},
	Publisher = {Springer},
	Title = {Parameters and learnability in binding theory},
	Year = {1987}}

@phdthesis{ford1976language,
	Author = {Ford, William G},
	Date-Added = {2018-02-20 01:48:50 +0000},
	Date-Modified = {2018-02-20 01:48:50 +0000},
	School = {University of Toronto},
	Title = {The language of disjunction},
	Year = {1976}}

@inproceedings{goro2004acquisition,
	Address = {Somerville, MA},
	Author = {Goro, Takuya and Akiba, Sachie},
	Booktitle = {Proceedings of the 23rd {W}est {C}oast Conference on Formal Linguistics},
	Date-Added = {2018-02-20 01:47:54 +0000},
	Date-Modified = {2018-08-23 19:24:12 -0400},
	Pages = {251--264},
	Publisher = {Cascadilla Press},
	Title = {The acquisition of disjunction and positive polarity in {J}apanese},
	Year = {2004}}

@article{nitta1966basic,
	Author = {Nitta, Noriyoshi and Nagano, Shigefumi},
	Date-Added = {2018-02-20 01:44:56 +0000},
	Date-Modified = {2018-08-24 11:21:34 -0400},
	Journal = {Research Bulletin of the National Institute for Educational Research, Tokyo},
	Pages = {1--27},
	Publisher = {National Institute for Educational Research, Tokyo},
	Title = {Basic logical operations and their verbal expressions: child's conception of logical sum and product},
	Volume = {7},
	Year = {1966}}

@article{marcus1993negative,
	Author = {Marcus, Gary F},
	Date-Added = {2018-02-20 01:44:35 +0000},
	Date-Modified = {2018-02-20 01:44:35 +0000},
	Journal = {Cognition},
	Number = {1},
	Pages = {53--85},
	Publisher = {Elsevier},
	Title = {Negative evidence in language acquisition},
	Volume = {46},
	Year = {1993}}

@incollection{macwhinney1989competition,
	Author = {MacWhinney, Brian},
	Booktitle = {Linguistic Categorization},
	Date-Added = {2018-02-20 01:44:17 +0000},
	Date-Modified = {2018-02-20 01:44:17 +0000},
	Pages = {195--242},
	Publisher = {John Benjamins, Amsterdam},
	Title = {Competition and lexical categorization},
	Year = {1989}}

@incollection{macwhinney2002competition,
	Address = {Cambridge},
	Author = {MacWhinney, Brian},
	Booktitle = {Cognition and Second Language Instruction},
	Date-Added = {2018-02-20 01:44:17 +0000},
	Date-Modified = {2018-08-24 11:16:10 -0400},
	Editor = {Robinson, Peter},
	Pages = {69--90},
	Publisher = {Cambridge University Press},
	Title = {The competition model: The input, the context, and the brain},
	Year = {2002}}

@article{ambridge2014child,
	Author = {Ambridge, Ben and Pine, Julian M and Lieven, Elena VM},
	Date-Added = {2018-02-20 01:43:52 +0000},
	Date-Modified = {2018-02-20 01:43:52 +0000},
	Journal = {Language},
	Number = {3},
	Pages = {e53--e90},
	Publisher = {Linguistic Society of America},
	Title = {Child language acquisition: Why universal grammar doesn't help},
	Volume = {90},
	Year = {2014}}

@article{lieven1997lexically,
	Author = {Lieven, Elena VM and Pine, Julian M and Baldwin, Gillian},
	Date-Added = {2018-02-20 01:43:52 +0000},
	Date-Modified = {2018-02-20 01:43:52 +0000},
	Journal = {Journal of child language},
	Number = {01},
	Pages = {187--219},
	Publisher = {Cambridge Univ Press},
	Title = {Lexically-based learning and early grammatical development},
	Volume = {24},
	Year = {1997}}

@article{matthews2006effect,
	Author = {Matthews, Danielle and Lieven, Elena and Theakston, Anna and Tomasello, Michael},
	Date-Added = {2018-02-20 01:43:52 +0000},
	Date-Modified = {2018-02-20 01:43:52 +0000},
	Journal = {Applied Psycholinguistics},
	Number = {03},
	Pages = {403--422},
	Publisher = {Cambridge Univ Press},
	Title = {The effect of perceptual availability and prior discourse on young children's use of referring expressions},
	Volume = {27},
	Year = {2006}}

@book{piaget1958growth,
	Address = {London},
	Author = {Inhelder, Brbel and Piaget, Jean},
	Date-Added = {2018-02-20 01:43:16 +0000},
	Date-Modified = {2018-08-24 11:07:09 -0400},
	Publisher = {Routledge},
	Title = {The growth of logical thinking from childhood to adolescence: An essay on the construction of formal operational structures},
	Volume = {84},
	Year = {1958}}

@article{chouinard2003adult,
	Author = {Chouinard, Michelle M and Clark, Eve V},
	Date-Added = {2018-02-20 01:42:43 +0000},
	Date-Modified = {2018-02-20 01:42:43 +0000},
	Journal = {Journal of child language},
	Number = {03},
	Pages = {637--669},
	Publisher = {Cambridge Univ Press},
	Title = {Adult reformulations of child errors as negative evidence},
	Volume = {30},
	Year = {2003}}

@article{clark1973non,
	Author = {Clark, Eve V},
	Date-Added = {2018-02-20 01:42:43 +0000},
	Date-Modified = {2018-02-20 01:42:43 +0000},
	Journal = {Cognition},
	Number = {2},
	Pages = {161--182},
	Publisher = {Elsevier},
	Title = {Non-linguistic strategies and the acquisition of word meanings},
	Volume = {2},
	Year = {1973}}

@article{clark1993computational,
	Author = {Clark, Robin and Roberts, Ian},
	Date-Added = {2018-02-20 01:42:43 +0000},
	Date-Modified = {2018-02-20 01:42:43 +0000},
	Journal = {Linguistic Inquiry},
	Number = {2},
	Pages = {299--345},
	Publisher = {JSTOR},
	Title = {A computational model of language learnability and language change},
	Volume = {24},
	Year = {1993}}

@book{clark1993lexicon,
	Author = {Clark, Eve V},
	Date-Added = {2018-02-20 01:42:43 +0000},
	Date-Modified = {2018-02-19 17:42:43 -0800},
	Publisher = {Cambridge University Press},
	Title = {The Lexicon in Acquisition},
	Year = {1993}}

@book{clark1996using,
	Author = {Clark, Herbert H},
	Date-Added = {2018-02-20 01:42:43 +0000},
	Date-Modified = {2018-02-19 17:42:43 -0800},
	Publisher = {Cambridge University Press},
	Title = {Using language},
	Year = {1996}}

@book{clark2009first,
	Address = {Cambridge},
	Author = {Clark, Eve V},
	Date-Added = {2018-02-20 01:42:43 +0000},
	Date-Modified = {2018-08-23 18:24:48 -0400},
	Edition = {2},
	Publisher = {Cambridge University Press},
	Title = {First language acquisition},
	Year = {2009}}

@book{berwick1985acquisition,
	Author = {Berwick, Robert C},
	Date-Added = {2018-02-20 01:41:54 +0000},
	Date-Modified = {2018-02-20 01:41:54 +0000},
	Publisher = {MIT press},
	Title = {The acquisition of syntactic knowledge},
	Year = {1985}}

@article{beilin1975study,
	Author = {Beilin, Harry and Lust, Barbara},
	Date-Added = {2018-02-20 01:41:39 +0000},
	Date-Modified = {2018-02-20 01:41:39 +0000},
	Journal = {Studies in the cognitive basis of language development},
	Pages = {76--120},
	Title = {A study of the development of logical and linguistics connectives: Linguistics data},
	Year = {1975}}

@article{akhtar1999acquiring,
	Author = {Akhtar, Nameera},
	Date-Added = {2018-02-20 01:41:26 +0000},
	Date-Modified = {2018-02-20 01:41:26 +0000},
	Journal = {Journal of child language},
	Number = {02},
	Pages = {339--356},
	Publisher = {Cambridge Univ Press},
	Title = {Acquiring basic word order: Evidence for data-driven learning of syntactic structure},
	Volume = {26},
	Year = {1999}}

@book{tomasello2003constructing,
	Author = {Tomasello, Michael},
	Date-Added = {2018-02-20 01:41:03 +0000},
	Date-Modified = {2018-02-20 01:41:03 +0000},
	Publisher = {Harvard University Press},
	Title = {Constructing a language: A usage-based theory of language acquisition},
	Year = {2003}}

@incollection{tomasello2009usage,
	Author = {Tomasello, Michael},
	Booktitle = {The Cambridge handbook of child language},
	Date-Added = {2018-02-20 01:41:03 +0000},
	Date-Modified = {2018-02-20 01:41:03 +0000},
	Pages = {69--87},
	Publisher = {Cambridge Univ. Press},
	Title = {The usage-based theory of language acquisition},
	Year = {2009}}

@article{johansson1977levels,
	Author = {Johansson, Bo S},
	Date-Added = {2018-02-20 01:39:19 +0000},
	Date-Modified = {2018-08-24 11:08:53 -0400},
	Journal = {British Journal of Psychology},
	Number = {3},
	Pages = {311--320},
	Publisher = {Wiley Online Library},
	Title = {Levels of mastery of the coordinators ``and'' and ``or'' and logical test performance},
	Volume = {68},
	Year = {1977}}

@article{neimarkSlotnick1970,
	Author = {Neimark, Edith D and Slotnick, Nan S},
	Date-Added = {2018-02-20 01:39:05 +0000},
	Date-Modified = {2018-07-12 20:54:06 +0000},
	Journal = {Journal of Educational Psychology},
	Number = {6p1},
	Pages = {451},
	Publisher = {American Psychological Association},
	Title = {Development of the understanding of logical connectives.},
	Volume = {61},
	Year = {1970}}

@article{crain2008logic,
	Author = {Crain, Stephen and Khlentzos, Drew},
	Date-Added = {2018-02-19 18:04:46 +0000},
	Date-Modified = {2018-02-19 18:04:46 +0000},
	Journal = {Biolinguistics},
	Number = {1},
	Pages = {024--056},
	Title = {Is logic innate?},
	Volume = {2},
	Year = {2008}}

@article{crain2010logic,
	Author = {Crain, Stephen and Khlentzos, Drew},
	Date-Added = {2018-02-19 18:04:46 +0000},
	Date-Modified = {2018-02-19 18:04:46 +0000},
	Journal = {Mind \& Language},
	Number = {1},
	Pages = {30--65},
	Publisher = {Wiley Online Library},
	Title = {The logic instinct},
	Volume = {25},
	Year = {2010}}

@book{crain2012emergence,
	Address = {Cambridge},
	Author = {Crain, Stephen},
	Date-Added = {2018-02-19 18:04:46 +0000},
	Date-Modified = {2018-08-23 18:25:54 -0400},
	Publisher = {Cambridge University Press},
	Title = {The emergence of meaning},
	Year = {2012}}

@article{notley2012notevery,
	Author = {Notley, Anna and Thornton, Rosalind and Crain, Stephen},
	Date-Added = {2018-02-19 18:04:46 +0000},
	Date-Modified = {2018-02-19 18:04:46 +0000},
	Journal = {Biolinguistics},
	Number = {1},
	Pages = {32--69},
	Title = {English-Speaking Children's Interpretation of Disjunction in the Scope of `not every'},
	Volume = {6},
	Year = {2012}}

@article{sison1995simultaneous,
	Author = {Sison, Cristina P and Glaz, Joseph},
	Date-Added = {2018-02-16 02:40:37 +0000},
	Date-Modified = {2018-02-16 02:40:37 +0000},
	Journal = {Journal of the American Statistical Association},
	Number = {429},
	Pages = {366--369},
	Publisher = {Taylor \&amp; Francis},
	Title = {Simultaneous confidence intervals and sample size determination for multinomial proportions},
	Volume = {90},
	Year = {1995}}

@article{demuth2006word,
	Author = {Demuth, Katherine and Culbertson, Jennifer and Alter, Jennifer},
	Date-Added = {2018-02-13 18:14:32 +0000},
	Date-Modified = {2018-08-23 18:26:44 -0400},
	Journal = {Language and Speech},
	Number = {2},
	Pages = {137--173},
	Publisher = {Sage Publications Sage UK: London, England},
	Title = {Word-minimality, epenthesis and coda licensing in the early acquisition of {E}nglish},
	Volume = {49},
	Year = {2006}}

@incollection{haspelmath2007,
	Address = {Cambridge},
	Author = {Haspelmath, Martin},
	Booktitle = {Language Typology and Linguistic Description,},
	Date-Added = {2018-02-13 03:36:34 +0000},
	Date-Modified = {2018-08-23 19:29:59 -0400},
	Editor = {Shopen, Timothy},
	Publisher = {Cambridge University Press},
	Title = {Coordination},
	Year = {2007},
	Bdsk-Url-1 = {https://doi.org/10.1017/CBO9780511619434}}

@article{neisser1962hierarchies,
	Author = {Neisser, Ulric and Weene, Paul},
	Date-Added = {2018-01-25 03:13:56 +0000},
	Date-Modified = {2018-01-25 03:13:56 +0000},
	Journal = {Journal of Experimental Psychology},
	Number = {6},
	Pages = {640},
	Publisher = {American Psychological Association},
	Title = {Hierarchies in concept attainment.},
	Volume = {64},
	Year = {1962}}

@article{goodman2008does,
	Author = {Goodman, Judith C and Dale, Philip S and Li, Ping},
	Date-Added = {2018-01-25 02:51:09 +0000},
	Date-Modified = {2018-01-25 02:51:09 +0000},
	Journal = {Journal of child language},
	Number = {3},
	Pages = {515--531},
	Publisher = {Cambridge University Press},
	Title = {Does frequency count? Parental input and the acquisition of vocabulary},
	Volume = {35},
	Year = {2008}}

@article{childesdb,
	Annote = { (in prep).  Manuscript in preparation.},
	Author = {Alessandro Sanchez and Stephen Meylan and Mika Braginsky and Kyle MacDonald and Dan Yurovsky and Michael C. Frank},
	Date-Added = {2018-01-22 20:00:33 +0000},
	Date-Modified = {2018-01-22 20:00:33 +0000},
	Title = {childes-db: a flexible and reproducible interface to the Child Language Data Exchange System (CHILDES).},
	Year = {in prep}}

@book{macwhinney2000childes,
	Address = {Mahwah, NJ},
	Author = {MacWhinney, Brian},
	Date-Added = {2018-01-22 20:00:02 +0000},
	Date-Modified = {2018-08-24 11:15:44 -0400},
	Publisher = {Erlbaum},
	Title = {The {CHILDES} project: The database},
	Volume = {2},
	Year = {2000}}

@article{morris2008logically,
	Author = {Morris, Bradley J},
	Date-Added = {2018-01-22 19:57:41 +0000},
	Date-Modified = {2018-08-24 11:20:00 -0400},
	Journal = {Journal of Cognition and Development},
	Number = {1},
	Pages = {67--88},
	Publisher = {Taylor and Francis},
	Title = {Logically speaking: Evidence for item-based acquisition of the connectives ``and'' and ``or''},
	Volume = {9},
	Year = {2008}}

@incollection{gutzmann2014,
	Author = {Gutzmann, Daniel},
	Booktitle = {The Companion to Semantics},
	Date-Added = {2017-08-30 17:36:04 +0000},
	Date-Modified = {2017-08-30 17:38:13 +0000},
	Editor = {Matthewson, Lisa and C{\'e}cile Meier and Hotze Rullmann and Thomas Ede Zimmermann},
	Publisher = {Oxford: Wiley},
	Title = {Semantics vs. Pragmatics},
	Year = {2014}}

@book{gazdar79,
	Address = {New York},
	Author = {Gerald Gazdar},
	Date-Added = {2017-08-30 17:27:02 +0000},
	Date-Modified = {2018-08-23 18:33:18 -0400},
	Publisher = {Academic Press},
	Title = {Pragmatics: Implicature, presupposition, and logical form},
	Year = {1979}}

@article{geurts2006exclusive,
	Author = {Geurts, Bart},
	Date-Added = {2017-08-07 18:33:52 +0000},
	Date-Modified = {2017-08-07 18:33:52 +0000},
	Journal = {Ms., University of Nijmegen},
	Title = {Exclusive disjunction without implicatures},
	Year = {2006}}

@book{horn1989natural,
	Address = {Chicago, IL},
	Author = {Laurence Horn},
	Date-Added = {2017-08-07 16:50:07 +0000},
	Date-Modified = {2018-08-24 11:02:42 -0400},
	Publisher = {University of Chicago Press},
	Title = {A natural history of negation},
	Year = {1989}}

@article{katsos2011pragmatic,
	Author = {Katsos, Napoleon and Bishop, Dorothy VM},
	Date-Added = {2017-01-26 19:37:43 +0000},
	Date-Modified = {2017-01-26 19:37:43 +0000},
	Journal = {Cognition},
	Number = {1},
	Pages = {67--81},
	Publisher = {Elsevier},
	Title = {Pragmatic tolerance: Implications for the acquisition of informativeness and implicature},
	Volume = {120},
	Year = {2011}}

@article{johansson1975preschool,
	Author = {Johansson, Bo S and Sjolin, Barbro},
	Date-Added = {2017-01-26 03:29:55 +0000},
	Date-Modified = {2018-07-20 21:59:36 +0000},
	Journal = {Journal of Experimental Child Psychology},
	Number = {2},
	Pages = {233--240},
	Publisher = {Elsevier},
	Title = {Preschool children's understanding of the coordinators ``and'' and ``or''},
	Volume = {19},
	Year = {1975}}
=======
>>>>>>> ca9284f43077e4243401eedf091394411082f474
@incollection{sachs1983talking,
	address = {Hillsdale, NJ},
	author = {Sachs, Jacqueline},
	booktitle = {Children's language},
	date-added = {2020-11-25 10:55:39 -0800},
	date-modified = {2020-11-25 10:57:14 -0800},
	editor = {Nelson, K. E.},
	pages = {1--28},
	publisher = {Lawrence Erlbaum Associates},
	title = {Talking about the there and then: The emergence of displaced reference in parent--child discourse},
	volume = {4},
	year = {1983}}

@article{kuczaj1977acquisition,
	author = {Kuczaj II, Stan A},
	date-added = {2020-11-25 10:46:03 -0800},
	date-modified = {2020-11-25 10:46:03 -0800},
	journal = {Journal of Verbal Learning and Verbal Behavior},
	number = {5},
	pages = {589--600},
	publisher = {Elsevier},
	title = {The acquisition of regular and irregular past tense forms},
	volume = {16},
	year = {1977}}

@article{suppes1974semantics,
	author = {Suppes, Patrick},
	date-added = {2020-11-25 10:42:51 -0800},
	date-modified = {2020-11-25 10:42:51 -0800},
	journal = {American psychologist},
	number = {2},
	pages = {103},
	publisher = {American Psychological Association},
	title = {The semantics of children's language.},
	volume = {29},
	year = {1974}}

@article{rowland2007explaining,
	author = {Rowland, Caroline F},
	date-added = {2020-11-25 10:40:04 -0800},
	date-modified = {2020-11-25 10:40:04 -0800},
	journal = {Cognition},
	number = {1},
	pages = {106--134},
	publisher = {Elsevier},
	title = {Explaining errors in children's questions},
	volume = {104},
	year = {2007}}

@article{bloom1974imitation,
	author = {Bloom, Lois and Hood, Lois and Lightbown, Patsy},
	date-added = {2020-11-25 10:36:47 -0800},
	date-modified = {2020-11-25 10:36:47 -0800},
	journal = {Cognitive psychology},
	number = {3},
	pages = {380--420},
	publisher = {Elsevier},
	title = {Imitation in language development: If, when, and why},
	volume = {6},
	year = {1974}}

@article{lieven2009two,
	author = {Lieven, Elena and Salomo, Doroth{\'e} and Tomasello, Michael},
	date-added = {2020-11-25 10:33:42 -0800},
	date-modified = {2020-11-25 10:33:42 -0800},
	journal = {Cognitive Linguistics},
	number = {3},
	pages = {481--507},
	publisher = {De Gruyter Mouton},
	title = {Two-year-old children's production of multiword utterances: A usage-based analysis},
	volume = {20},
	year = {2009}}

@article{maslen2004dense,
	author = {Maslen, Robert JC and Theakston, Anna L and Lieven, Elena VM and Tomasello, Michael},
	date-added = {2020-11-25 10:30:22 -0800},
	date-modified = {2020-11-25 10:30:22 -0800},
	journal = {Journal of Speech, Language, and Hearing Research},
	publisher = {ASHA},
	title = {A dense corpus study of past tense and plural overregularization in English},
	year = {2004}}

@article{braunwald1971mother,
	author = {Braunwald, Susan R},
	date-added = {2020-11-25 10:26:15 -0800},
	date-modified = {2020-11-25 10:26:15 -0800},
	journal = {Word},
	number = {1-3},
	pages = {28--50},
	publisher = {Taylor \& Francis},
	title = {Mother-child communication: the function of maternal-language input},
	volume = {27},
	year = {1971}}

@article{theakston2001role,
	author = {Theakston, Anna L and Lieven, Elena VM and Pine, Julian M and Rowland, Caroline F},
	date-added = {2020-11-24 16:04:46 -0800},
	date-modified = {2020-11-24 16:04:46 -0800},
	journal = {Journal of child language},
	number = {1},
	pages = {127--152},
	publisher = {Cambridge University Press.},
	title = {The role of performance limitations in the acquisition of verb-argument structure: An alternative account},
	volume = {28},
	year = {2001}}

@article{demuth2006word,
	author = {Demuth, Katherine and Culbertson, Jennifer and Alter, Jennifer},
	date-added = {2020-11-24 16:02:17 -0800},
	date-modified = {2020-11-24 16:02:17 -0800},
	journal = {Language and Speech},
	number = {2},
	pages = {137--173},
	publisher = {Sage Publications Sage UK: London, England},
	title = {Word-minimality, epenthesis and coda licensing in the early acquisition of English},
	volume = {49},
	year = {2006}}

@book{brown1973first,
	author = {Brown, Roger},
	date-added = {2020-08-04 18:36:08 -0700},
	date-modified = {2020-08-04 18:36:08 -0700},
	publisher = {Harvard U. Press},
	title = {A first language: The early stages.},
	year = {1973}}

@phdthesis{Zeijlstra2004,
	author = {Zeijlstra, Hedde},
	date-added = {2020-08-04 17:56:17 -0700},
	date-modified = {2020-08-04 17:57:24 -0700},
	school = {Netherlands Graduate School of Linguistics},
	title = {Sentential negation and negative concord},
	year = {2004}}

@phdthesis{tesan2005children,
	author = {Tesan, Graciela Mariel},
	date-added = {2020-08-04 17:36:50 -0700},
	date-modified = {2020-08-04 17:36:50 -0700},
	title = {What do children have in their heads? Functional heads and parameter setting in child language},
	year = {2005}}

@article{thorntonTesan2013,
	author = {Thornton, Rosalind and Tesan, Graciela},
	date-added = {2020-07-30 09:21:57 -0700},
	date-modified = {2020-07-30 09:22:30 -0700},
	journal = {Journal of Linguistics},
	pages = {367--411},
	publisher = {JSTOR},
	title = {Sentential negation in early child English},
	year = {2013}}

@article{schutze2010status,
	author = {Sch{\"u}tze, Carson T},
	date-added = {2020-07-30 09:21:14 -0700},
	date-modified = {2020-07-30 09:21:14 -0700},
	journal = {Language Acquisition},
	number = {4},
	pages = {235--271},
	publisher = {Taylor \& Francis},
	title = {The status of nonagreeing don't and theories of root infinitives},
	volume = {17},
	year = {2010}}

@article{StromswoldZimmermann2000,
	author = {Stromswold, Karin and Zimmermann, Kai},
	date-added = {2020-07-29 18:09:21 -0700},
	date-modified = {2020-08-05 11:05:23 -0700},
	journal = {Language Acquisition},
	number = {2},
	pages = {101--127},
	publisher = {Taylor \& Francis},
	title = {Acquisition of Nein and Nicht and the VP-internal subject stage in German},
	volume = {8},
	year = {2000}}

@book{chomsky1993lectures,
	author = {Chomsky, Noam},
	date-added = {2020-07-29 17:26:34 -0700},
	date-modified = {2020-07-29 17:26:34 -0700},
	number = {9},
	publisher = {Walter de Gruyter},
	title = {Lectures on government and binding: The Pisa lectures},
	year = {1993}}

@article{koopman1991position,
	author = {Koopman, Hilda and Sportiche, Dominique},
	date-added = {2020-07-29 17:24:08 -0700},
	date-modified = {2020-07-29 17:24:08 -0700},
	journal = {Lingua},
	number = {2-3},
	pages = {211--258},
	publisher = {Elsevier},
	title = {The position of subjects},
	volume = {85},
	year = {1991}}

@article{cameron2007part,
	author = {Cameron-Faulkner, Thea and Lieven, Elena and Theakston, Anna},
	date-added = {2020-07-27 16:46:11 -0700},
	date-modified = {2020-07-27 16:46:11 -0700},
	journal = {Journal of Child Language},
	number = {2},
	pages = {251},
	title = {What part of no do children not understand? A usage-based account of multiword negation},
	volume = {34},
	year = {2007}}

@article{deprez1993negation,
	author = {D{\'e}prez, Viviane and Pierce, Amy},
	date-added = {2020-07-27 16:31:26 -0700},
	date-modified = {2020-07-27 16:31:26 -0700},
	journal = {Linguistic inquiry},
	pages = {25--67},
	publisher = {JSTOR},
	title = {Negation and functional projections in early grammar},
	year = {1993}}

@article{lange1973syntactical,
	author = {Lange, S and Larsson, K},
	date-added = {2020-07-24 10:17:55 -0700},
	date-modified = {2020-07-24 10:17:55 -0700},
	journal = {Project Child Language Syntax},
	publisher = {Stockholm Universitet: Institutionen f{\"o}r Nordiska Spr{\aa}k},
	title = {Syntactical development of a Swedish girl, Embla, between 20 and 42 months of age, part I: age 20-25 months},
	year = {1973}}

@misc{klima1964negation,
	author = {Klima, Edward},
	date-added = {2020-07-23 11:33:15 -0700},
	date-modified = {2020-07-23 11:33:15 -0700},
	publisher = {Englewood Cliffs, NJ: Prentice-Hall},
	title = {Negation in English. The structure of language, ed. by JA Fodor and JJ Katz, 246-323},
	year = {1964}}

@book{bloom1970,
	address = {Cambridge, MA},
	author = {Bloom, Lois Masket},
	date-added = {2020-07-23 09:03:31 -0700},
	date-modified = {2020-07-23 09:06:09 -0700},
	publisher = {MIT press},
	title = {Language development: Form and function in emerging grammars.},
	year = {1970}}

@article{de1979form,
	author = {de Villiers, Peter A and de Villiers, Jill G},
	date-added = {2020-07-22 15:12:43 -0700},
	date-modified = {2020-07-22 15:12:43 -0700},
	journal = {Papers and Reports on Child Language Development},
	pages = {57--64},
	title = {Form and function in the development of sentence negation},
	volume = {17},
	year = {1979}}

@article{lord1974variations,
	author = {Lord, Carol},
	date-added = {2020-07-22 14:35:50 -0700},
	date-modified = {2020-07-22 14:35:50 -0700},
	journal = {Papers and Reports on Child Language Development},
	pages = {78--86},
	title = {Variations in the acquisition of negation},
	volume = {8},
	year = {1974}}

@inproceedings{mcneill1968does,
	author = {McNeill, David and McNeill, Nobuko B},
	booktitle = {Proceedings of the conference on language and language behavior. New York: Appleton-Century-Crofts},
	date-added = {2020-07-21 17:03:04 -0700},
	date-modified = {2020-07-21 17:05:40 -0700},
	pages = {51--62},
	title = {What does a child mean when he says "No"?},
	year = {1968}}

@article{drozd1995,
	author = {Drozd, Kenneth F},
	date-added = {2020-05-13 14:59:43 -0400},
	date-modified = {2020-07-27 17:17:22 -0700},
	journal = {Journal of Child Language},
	number = {3},
	pages = {583--610},
	publisher = {Cambridge University Press},
	title = {Child English pre-sentential negation as metalinguistic exclamatory sentence negation},
	volume = {22},
	year = {1995}}

@article{sanchez2019childes,
	author = {Sanchez, Alessandro and Meylan, Stephan C and Braginsky, Mika and MacDonald, Kyle E and Yurovsky, Daniel and Frank, Michael C},
	date-added = {2020-05-13 14:48:50 -0400},
	date-modified = {2020-05-13 14:48:50 -0400},
	journal = {Behavior research methods},
	number = {4},
	pages = {1928--1941},
	publisher = {Springer},
	title = {childes-db: A flexible and reproducible interface to the child language data exchange system},
	volume = {51},
	year = {2019}}

@article{deVilliers1979,
	author = {{de Villiers}, Peter A and {de Villiers}, Jill G},
	date-added = {2020-05-12 10:49:40 -0400},
	date-modified = {2020-05-12 10:55:58 -0400},
	journal = {Papers and Reports on Child Language Development},
	pages = {57--64},
	title = {Form and function in the development of sentence negation},
	volume = {17},
	year = {1979}}

@article{park1979some,
	author = {Park, Tschang-Zin},
	date-added = {2020-05-12 10:48:55 -0400},
	date-modified = {2020-05-12 10:48:55 -0400},
	journal = {Journal of Child Language},
	number = {1},
	pages = {147--151},
	publisher = {Cambridge University Press},
	title = {Some facts on negation: Wode's four-stage developmental theory of negation revisited},
	volume = {6},
	year = {1979}}

@article{wode1977four,
	author = {Wode, Henning},
	date-added = {2020-05-12 09:49:58 -0400},
	date-modified = {2020-05-12 09:49:58 -0400},
	journal = {Journal of child language},
	number = {1},
	pages = {87--102},
	publisher = {Cambridge University Press},
	title = {Four early stages in the development of LI negation},
	volume = {4},
	year = {1977}}

@article{choi1988semantic,
	author = {Choi, Soonja},
	date-added = {2020-04-16 10:40:43 -0400},
	date-modified = {2020-04-16 10:40:43 -0400},
	journal = {Journal of child language},
	number = {3},
	pages = {517--531},
	publisher = {Cambridge University Press},
	title = {The semantic development of negation: a cross-linguistic longitudinal study},
	volume = {15},
	year = {1988}}

@incollection{klimaBellugi1966,
	author = {Klima, Edward S and Bellugi, Ursula},
	booktitle = {Psycholinguistics papers},
	date-added = {2020-04-16 10:35:14 -0400},
	date-modified = {2020-04-16 10:36:16 -0400},
	pages = {183--207},
	publisher = {Edinburgh University Press},
	title = {Syntactic regularities in the speech of children},
	year = {1966}}

@article{austin2014young,
	author = {Austin, Keith and Theakston, Anna and Lieven, Elena and Tomasello, Michael},
	date-added = {2020-04-08 11:29:22 -0400},
	date-modified = {2020-04-08 11:29:22 -0400},
	journal = {Developmental psychology},
	number = {8},
	pages = {2061},
	publisher = {American Psychological Association},
	title = {Young children's understanding of denial.},
	volume = {50},
	year = {2014}}

@article{smith2011cross,
	author = {Smith, Kenny and Smith, Andrew DM and Blythe, Richard A},
	date-added = {2019-10-16 22:28:07 -0400},
	date-modified = {2019-10-16 22:28:07 -0400},
	journal = {Cognitive Science},
	number = {3},
	pages = {480--498},
	publisher = {Wiley Online Library},
	title = {Cross-situational learning: An experimental study of word-learning mechanisms},
	volume = {35},
	year = {2011}}

@article{siskind1996computational,
	author = {Siskind, Jeffrey Mark},
	date-added = {2019-10-16 11:43:26 -0400},
	date-modified = {2019-10-16 11:43:26 -0400},
	journal = {Cognition},
	number = {1-2},
	pages = {39--91},
	publisher = {Elsevier},
	title = {A computational study of cross-situational techniques for learning word-to-meaning mappings},
	volume = {61},
	year = {1996}}

@article{yu2007rapid,
	author = {Yu, Chen and Smith, Linda B},
	date-added = {2019-10-16 11:41:42 -0400},
	date-modified = {2019-10-16 11:41:42 -0400},
	journal = {Psychological science},
	number = {5},
	pages = {414--420},
	publisher = {SAGE Publications Sage CA: Los Angeles, CA},
	title = {Rapid word learning under uncertainty via cross-situational statistics},
	volume = {18},
	year = {2007}}

@article{markman1990constraints,
	author = {Markman, Ellen M},
	date-added = {2019-10-16 10:16:33 -0400},
	date-modified = {2019-10-16 10:16:33 -0400},
	journal = {Cognitive science},
	number = {1},
	pages = {57--77},
	publisher = {Wiley Online Library},
	title = {Constraints children place on word meanings},
	volume = {14},
	year = {1990}}

@book{Rijsbergen1979,
	address = {Newton, MA, USA},
	author = {Rijsbergen, C. J. Van},
	date-added = {2019-10-09 11:03:25 -0400},
	date-modified = {2019-10-09 11:04:16 -0400},
	edition = {2nd},
	isbn = {0408709294},
	publisher = {Butterworth-Heinemann},
	title = {Information Retrieval},
	year = {1979}}

@article{brown1957linguistic,
	author = {Brown, Roger W},
	date-added = {2019-10-03 16:13:44 -0400},
	date-modified = {2019-10-03 16:13:44 -0400},
	journal = {The Journal of Abnormal and Social Psychology},
	number = {1},
	pages = {1},
	publisher = {American Psychological Association},
	title = {Linguistic determinism and the part of speech.},
	volume = {55},
	year = {1957}}

@unpublished{jasbiWaldonDegan2017,
	author = {Masoud Jasbi and Brandon Waldon and Judith Degen},
	date-added = {2018-08-01 09:55:25 -0700},
	date-modified = {2018-08-24 11:08:16 -0400},
	title = {Linking hypothesis and number of response options modulate inferred scalar implicature rate},
	year = {submitted}}

@article{gecckin2018children,
	author = {Geckin, Vasfiye and Thornton, Rosalind and Crain, Stephen},
	date-added = {2018-07-20 17:25:05 +0000},
	date-modified = {2018-08-23 18:36:15 -0400},
	journal = {Language Acquisition},
	number = {2},
	pages = {197--212},
	publisher = {Taylor \& Francis},
	title = {Children's interpretation of disjunction in negative sentences: A comparison of {T}urkish and {G}erman},
	volume = {25},
	year = {2018}}

@article{hochstein2014ignorance,
	author = {Hochstein, Lara and Bale, Alan and Fox, Danny and Barner, David},
	date-added = {2018-07-18 20:35:31 +0000},
	date-modified = {2018-08-23 19:34:32 -0400},
	journal = {Journal of Semantics},
	number = {1},
	pages = {107--135},
	publisher = {Oxford University Press},
	title = {Ignorance and inference: do problems with {G}ricean epistemic reasoning explain children's difficulty with scalar implicature?Gricean epistemic reasoning explain children's difficulty with scalar implicature?},
	volume = {33},
	year = {2014}}

@article{neimark1970,
	author = {Neimark, Edith D},
	date-added = {2018-07-12 20:52:39 +0000},
	date-modified = {2018-07-12 20:54:11 +0000},
	journal = {Psychonomic Science},
	number = {4},
	pages = {217--219},
	publisher = {Springer},
	title = {Development of comprehension of logical connectives: Understanding of ``or''},
	volume = {21},
	year = {1970}}

@article{fisher2010syntactic,
	author = {Fisher, Cynthia and Gertner, Yael and Scott, Rose M and Yuan, Sylvia},
	date-added = {2018-05-31 19:11:57 +0000},
	date-modified = {2018-05-31 19:11:57 +0000},
	journal = {Wiley Interdisciplinary Reviews: Cognitive Science},
	number = {2},
	pages = {143--149},
	publisher = {Wiley Online Library},
	title = {Syntactic bootstrapping},
	volume = {1},
	year = {2010}}

@incollection{monaghan2014multiple,
	address = {Thousand Oaks, CA},
	author = {Monaghan, P and Christiansen, MH},
	booktitle = {Encyclopedia of Language Development},
	date-added = {2018-05-31 01:13:48 +0000},
	date-modified = {2018-08-24 11:18:52 -0400},
	editor = {Brooks, P and Kempe, V},
	journal = {Encyclopedia of language development},
	pages = {389--392},
	publisher = {Sage Publications},
	title = {Multiple cues in language acquisition},
	year = {2014}}

@article{pedregosa2011scikit,
	author = {Pedregosa, Fabian and Varoquaux, Ga{\"e}l and Gramfort, Alexandre and Michel, Vincent and Thirion, Bertrand and Grisel, Olivier and Blondel, Mathieu and Prettenhofer, Peter and Weiss, Ron and Dubourg, Vincent and others},
	date-added = {2018-05-30 17:19:19 +0000},
	date-modified = {2018-05-30 17:19:19 +0000},
	journal = {Journal of machine learning research},
	number = {Oct},
	pages = {2825--2830},
	title = {Scikit-learn: Machine learning in Python},
	volume = {12},
	year = {2011}}

@article{bates2014lme4,
	author = {Bates, Douglas and Maechler, Martin and Bolker, Ben and Walker, Steven and others},
	date-added = {2018-05-30 17:18:54 +0000},
	date-modified = {2018-05-30 17:18:54 +0000},
	journal = {R package version},
	number = {7},
	pages = {1--23},
	title = {lme4: Linear mixed-effects models using Eigen and S4},
	volume = {1},
	year = {2014}}

@article{wynn1992children,
	author = {Karen Wynn},
	date-added = {2018-05-16 00:44:39 +0000},
	date-modified = {2018-08-15 11:58:10 -0400},
	journal = {Cognitive psychology},
	number = {2},
	pages = {220--251},
	publisher = {Elsevier},
	title = {Children's acquisition of the number words and the counting system},
	volume = {24},
	year = {1992}}

@article{bloom1997linguistic,
	author = {Paul Bloom and Karen Wynn},
	date-added = {2018-05-15 22:48:41 +0000},
	date-modified = {2018-06-06 18:11:46 +0000},
	journal = {Journal of Child language},
	number = {3},
	pages = {511--533},
	publisher = {Cambridge University Press},
	title = {Linguistic cues in the acquisition of number words},
	volume = {24},
	year = {1997}}

@article{noveck2001children,
	author = {Noveck, Ira A},
	date-added = {2018-05-14 05:09:41 +0000},
	date-modified = {2018-05-14 05:09:41 +0000},
	journal = {Cognition},
	number = {2},
	pages = {165--188},
	publisher = {Elsevier},
	title = {When children are more logical than adults: Experimental investigations of scalar implicature},
	volume = {78},
	year = {2001}}

@article{pouscoulous2007developmental,
	author = {Pouscoulous, Nausicaa and Noveck, Ira A and Politzer, Guy and Bastide, Anne},
	date-added = {2018-05-14 01:23:46 +0000},
	date-modified = {2018-05-14 01:23:46 +0000},
	journal = {Language acquisition},
	number = {4},
	pages = {347--375},
	publisher = {Taylor \& Francis},
	title = {A developmental investigation of processing costs in implicature production},
	volume = {14},
	year = {2007}}

@incollection{pouscoulous2009going,
	address = {Berlin},
	author = {Pouscoulous, Nausicaa and Noveck, Ira A},
	booktitle = {Language acquisition},
	date-added = {2018-05-14 01:21:13 +0000},
	date-modified = {2018-08-24 11:28:03 -0400},
	editor = {Susan Foster-Cohen},
	pages = {196--215},
	publisher = {Springer},
	title = {Going beyond semantics: The development of pragmatic enrichment},
	year = {2009}}

@incollection{katsos2014scalar,
	address = {Amsterdam},
	author = {Napoleon Katsos},
	booktitle = {Pragmatic development in first language acquisition},
	date-added = {2018-05-14 01:17:51 +0000},
	date-modified = {2018-08-24 11:12:41 -0400},
	editor = {Matthews, Danielle},
	pages = {183---198},
	publisher = {John Benjamins},
	title = {Scalar implicature},
	volume = {10},
	year = {2014}}

@article{barner2011accessing,
	author = {Barner, David and Brooks, Neon and Bale, Alan},
	date-added = {2018-05-13 20:02:15 +0000},
	date-modified = {2018-05-13 20:02:15 +0000},
	journal = {Cognition},
	number = {1},
	pages = {84--93},
	publisher = {Elsevier},
	title = {Accessing the unsaid: The role of scalar alternatives in children's pragmatic inference},
	volume = {118},
	year = {2011}}

@phdthesis{shi1996perceptual,
	author = {Shi, Rushen},
	date-added = {2018-05-13 16:23:32 +0000},
	date-modified = {2018-08-24 11:31:57 -0400},
	school = {Brown {University}},
	title = {Perceptual correlates of content words and function words in early language input.},
	year = {1995}}

@article{baldwin1993infants,
	author = {Dare Baldwin},
	date-added = {2018-05-11 06:12:14 +0000},
	date-modified = {2018-08-24 12:12:09 -0400},
	journal = {Journal of child language},
	number = {2},
	pages = {395--418},
	publisher = {Cambridge University Press},
	title = {Infants' ability to consult the speaker for clues to word reference},
	volume = {20},
	year = {1993}}

@article{markman1988children,
	author = {Markman, Ellen M and Wachtel, Gwyn F},
	date-added = {2018-05-11 05:30:48 +0000},
	date-modified = {2018-05-11 05:30:48 +0000},
	journal = {Cognitive psychology},
	number = {2},
	pages = {121--157},
	publisher = {Elsevier},
	title = {Children's use of mutual exclusivity to constrain the meanings of words},
	volume = {20},
	year = {1988}}

@article{hollich2000breaking,
	author = {Hollich, George J and Hirsh-Pasek, Kathy and Golinkoff, Roberta Michnick and Brand, Rebecca and Brown, Ellie and Chung, He Len and Hennon, Elizabeth and Rocroi, Camille},
	date-added = {2018-05-11 04:20:57 +0000},
	date-modified = {2018-08-24 11:01:50 -0400},
	journal = {Monographs of the society for research in child development},
	number = {3},
	pages = {1--123},
	publisher = {Wiley-Blackwell},
	title = {Breaking the language barrier: An emergentist coalition model for the origins of word learning},
	volume = {65},
	year = {2000}}

@article{markman1984children,
	author = {Markman, Ellen M and Hutchinson, Jean E},
	date-added = {2018-05-11 04:09:33 +0000},
	date-modified = {2018-05-11 04:09:33 +0000},
	journal = {Cognitive psychology},
	number = {1},
	pages = {1--27},
	publisher = {Elsevier},
	title = {Children's sensitivity to constraints on word meaning: Taxonomic versus thematic relations},
	volume = {16},
	year = {1984}}

@incollection{clark1987principle,
	address = {Hillsdale, NJ},
	author = {Clark, Eve V},
	booktitle = {Mechanisms of Language Acquisition},
	date-added = {2018-05-10 23:55:13 +0000},
	date-modified = {2018-08-26 23:48:39 -0400},
	editor = {Brian MacWhinney},
	journal = {Mechanisms of language acquisition},
	pages = {1-33},
	publisher = {Lawrence Erlbaum},
	title = {The principle of contrast: A constraint on language acquisition},
	year = {1987}}

@inproceedings{ho1995random,
	address = {Washington, DC, USA},
	author = {Ho, Tin Kam},
	booktitle = {Proceedings of the third international conference on document analysis and recognition},
	date-added = {2018-05-10 18:32:42 +0000},
	date-modified = {2018-08-23 19:34:00 -0400},
	pages = {278--282},
	publisher = {{IEEE} Computer Society},
	title = {Random decision forests},
	volume = {1},
	year = {1995}}

@book{quine1960word,
	address = {Cambridge, MA},
	author = {Quine, Willard Van Orman},
	date-added = {2018-05-09 18:08:06 +0000},
	date-modified = {2018-08-24 11:28:22 -0400},
	publisher = {MIT press},
	title = {Word and object},
	year = {1960}}

@article{barr2013random,
	author = {Barr, Dale J and Levy, Roger and Scheepers, Christoph and Tily, Harry J},
	date-added = {2018-05-03 22:53:59 +0000},
	date-modified = {2018-05-03 22:53:59 +0000},
	journal = {Journal of memory and language},
	number = {3},
	pages = {255--278},
	publisher = {Elsevier},
	title = {Random effects structure for confirmatory hypothesis testing: Keep it maximal},
	volume = {68},
	year = {2013}}

@article{burkner2016brms,
	author = {B{\"u}rkner, Paul-Christian and others},
	date-added = {2018-05-03 22:51:10 +0000},
	date-modified = {2018-05-03 22:51:10 +0000},
	journal = {Journal of Statistical Software},
	number = {1},
	pages = {1--28},
	title = {brms: An R package for Bayesian multilevel models using Stan},
	volume = {80},
	year = {2016}}

@incollection{giannakidou2011negative,
	author = {Anastasia Giannakidou},
	booktitle = {Semantics: An International Handbook of Natural Language Meaning. De Gruyter, Berlin (to appear)},
	date-added = {2018-05-01 22:41:54 +0000},
	date-modified = {2018-08-23 18:40:57 -0400},
	editor = {Claudia Maienborn and Klaus von Heusinger and Paul Portner},
	pages = {1660--1712},
	publisher = {De Gruyter Mouton},
	title = {Negative and positive polarity items: Variation, licensing, and compositionality},
	year = {2011}}

@phdthesis{horn1972semantic,
	author = {Horn, Laurence},
	date-added = {2018-04-19 02:00:43 +0000},
	date-modified = {2018-08-24 11:04:09 -0400},
	school = {University of {C}alifornia {L}os {A}ngeles},
	title = {On the semantic properties of logical operators in {E}nglish},
	year = {1972}}

@book{geurts2010quantity,
	address = {Cambridge},
	author = {Geurts, Bart},
	date-added = {2018-04-10 22:46:06 +0000},
	date-modified = {2018-08-23 18:36:55 -0400},
	publisher = {Cambridge University Press},
	title = {Quantity implicatures},
	year = {2010}}

@article{mazzocco1997children,
	author = {Mazzocco, Mich{\`e}le MM},
	date-added = {2018-04-06 03:48:57 +0000},
	date-modified = {2018-04-06 03:48:57 +0000},
	journal = {Journal of Child Language},
	number = {2},
	pages = {441--467},
	publisher = {Cambridge University Press},
	title = {Children's interpretations of homonyms: A developmental study},
	volume = {24},
	year = {1997}}

@article{bontly2005modified,
	author = {Bontly, Thomas D},
	date-added = {2018-04-06 02:44:08 +0000},
	date-modified = {2018-04-06 02:44:08 +0000},
	journal = {Mind \&amp; language},
	number = {3},
	pages = {288--312},
	publisher = {Wiley Online Library},
	title = {Modified Occam's Razor: Parsimony, pragmatics, and the acquisition of word meaning},
	volume = {20},
	year = {2005},
	Bdsk-File-1 = {YnBsaXN0MDDSAQIDBFxyZWxhdGl2ZVBhdGhZYWxpYXNEYXRhXxBMLi4vLi4vLi4vRGVza3RvcC9EZWxQaW5hbC1XYWxkb24yMDE5X0FydGljbGVfTW9kYWxzVW5kZXJFcGlzdGVtaWNUZW5zaW9uLnBkZk8RAfYAAAAAAfYAAgAADE1hY2ludG9zaCBIRAAAAAAAAAAAAAAAAAAAAAAAAABCRAAB/////x9EZWxQaW5hbC1XYWxkb24yMDEjRkZGRkZGRkYucGRmAAAAAAAAAAAAAAAAAAAAAAAAAAAAAAAAAAAAAAAAAAD/////AAAAAAAAAAAAAAAAAAMAAgAACiBjdQAAAAAAAAAAAAAAAAAHRGVza3RvcAAAAgBSLzpVc2VyczpNYXNvdWQ6RGVza3RvcDpEZWxQaW5hbC1XYWxkb24yMDE5X0FydGljbGVfTW9kYWxzVW5kZXJFcGlzdGVtaWNUZW5zaW9uLnBkZgAOAHgAOwBEAGUAbABQAGkAbgBhAGwALQBXAGEAbABkAG8AbgAyADAAMQA5AF8AQQByAHQAaQBjAGwAZQBfAE0AbwBkAGEAbABzAFUAbgBkAGUAcgBFAHAAaQBzAHQAZQBtAGkAYwBUAGUAbgBzAGkAbwBuAC4AcABkAGYADwAaAAwATQBhAGMAaQBuAHQAbwBzAGgAIABIAEQAEgBQVXNlcnMvTWFzb3VkL0Rlc2t0b3AvRGVsUGluYWwtV2FsZG9uMjAxOV9BcnRpY2xlX01vZGFsc1VuZGVyRXBpc3RlbWljVGVuc2lvbi5wZGYAEwABLwAAFQACAA3//wAAAAgADQAaACQAcwAAAAAAAAIBAAAAAAAAAAUAAAAAAAAAAAAAAAAAAAJt}}

@article{geis1971invited,
	author = {Geis, Michael L and Zwicky, Arnold M},
	date-added = {2018-04-05 01:02:16 +0000},
	date-modified = {2018-04-05 01:02:16 +0000},
	journal = {Linguistic inquiry},
	number = {4},
	pages = {561--566},
	publisher = {JSTOR},
	title = {On invited inferences},
	volume = {2},
	year = {1971}}

@book{kaufmann2011interpreting,
	author = {Kaufmann, Magdalena},
	date-added = {2018-04-04 18:33:52 +0000},
	date-modified = {2018-04-04 18:33:52 +0000},
	publisher = {Springer Science \&amp; Business Media},
	title = {Interpreting imperatives},
	volume = {88},
	year = {2011}}

@incollection{fox2007free,
	address = {Basingstoke},
	author = {Fox, Danny},
	booktitle = {Presupposition and implicature in compositional semantics},
	date-added = {2018-04-04 18:17:30 +0000},
	date-modified = {2018-08-23 18:31:33 -0400},
	editor = {Uli Sauerland and Penka Stateva},
	pages = {71--120},
	publisher = {Palgrave Macmillan},
	title = {Free choice and the theory of scalar implicatures},
	year = {2007}}

@article{barner2009finding,
	author = {Barner, David and Chow, Katherine and Yang, Shu-Ju},
	date-added = {2018-04-02 19:08:34 +0000},
	date-modified = {2018-04-02 19:08:34 +0000},
	journal = {Cognitive psychology},
	number = {2},
	pages = {195--219},
	publisher = {Elsevier},
	title = {Finding one's meaning: A test of the relation between quantifiers and integers in language development},
	volume = {58},
	year = {2009}}

@article{geurts2005entertaining,
	author = {Geurts, Bart},
	date-added = {2018-03-31 22:27:46 +0000},
	date-modified = {2018-03-31 22:27:46 +0000},
	journal = {Natural language semantics},
	number = {4},
	pages = {383--410},
	publisher = {Springer},
	title = {Entertaining alternatives: Disjunctions as modals},
	volume = {13},
	year = {2005}}

@book{macwhinney2014competing,
	author = {MacWhinney, Brian and Malchukov, Andrej and Moravcsik, Edith},
	date-added = {2018-03-30 23:59:05 +0000},
	date-modified = {2018-03-30 23:59:05 +0000},
	publisher = {OUP Oxford},
	title = {Competing motivations in grammar and usage},
	year = {2014}}

@webpage{asd,
	author = {bob},
	date-added = {2018-03-19 22:16:30 +0000},
	date-modified = {2018-03-19 22:19:49 +0000},
	lastchecked = {2342},
	title = {language},
	url = {laksjdf},
	year = {23423},
	Bdsk-Url-1 = {laksjdf}}

@article{heeman1999speech,
	author = {Heeman, Peter A and Allen, James F},
	date-added = {2018-03-14 19:47:56 +0000},
	date-modified = {2018-03-14 19:47:56 +0000},
	journal = {Computational Linguistics},
	number = {4},
	pages = {527--571},
	publisher = {MIT Press},
	title = {Speech repairs, intonational phrases, and discourse markers: modeling speakers' utterances in spoken dialogue},
	volume = {25},
	year = {1999}}

@incollection{gabbay2012logic,
	author = {Daniel Bonevac and Josh Dever},
	booktitle = {Logic: A History of its Central Concepts},
	date-added = {2018-03-08 18:29:56 +0000},
	date-modified = {2018-08-23 18:18:38 -0400},
	editor = {Gabbay, Dov M and Pelletier, Francis Jeffry and Woods, John},
	publisher = {Elsevier},
	title = {A History of The Connectives},
	volume = {11},
	year = {2012}}

@inproceedings{potts2015negotiating,
	author = {Potts, Christopher and Levy, Roger},
	booktitle = {Proceedings of the Annual Meeting of the {B}erkeley Linguistics Society 41},
	date-added = {2018-03-05 21:44:05 +0000},
	date-modified = {2018-08-24 11:27:33 -0400},
	pages = {417--445},
	title = {Negotiating lexical uncertainty and speaker expertise with disjunction},
	year = {2015}}

@book{grice1989studies,
	address = {Cambridge, MA},
	author = {Grice, H Paul},
	date-added = {2018-03-01 20:25:29 +0000},
	date-modified = {2018-08-23 19:21:56 -0400},
	publisher = {Harvard University Press},
	title = {Studies in the Way of Words},
	year = {1989}}

@book{fleiss2013statistical,
	address = {New York},
	author = {Fleiss, Joseph L and Levin, Bruce and Paik, Myunghee Cho},
	date-added = {2018-02-28 18:21:53 +0000},
	date-modified = {2018-08-23 18:27:18 -0400},
	publisher = {John Wiley \&amp; Sons},
	title = {Statistical methods for rates and proportions},
	year = {2013}}

@article{cicchetti1990high,
	author = {Cicchetti, Domenic V and Feinstein, Alvan R},
	date-added = {2018-02-26 17:53:19 +0000},
	date-modified = {2018-02-26 17:53:19 +0000},
	journal = {Journal of clinical epidemiology},
	number = {6},
	pages = {551--558},
	publisher = {Elsevier},
	title = {High agreement but low kappa: II. Resolving the paradoxes},
	volume = {43},
	year = {1990}}

@article{feinstein1990high,
	author = {Feinstein, Alvan R and Cicchetti, Domenic V},
	date-added = {2018-02-26 17:53:03 +0000},
	date-modified = {2018-02-26 17:53:03 +0000},
	journal = {Journal of clinical epidemiology},
	number = {6},
	pages = {543--549},
	publisher = {Elsevier},
	title = {High agreement but low kappa: I. The problems of two paradoxes},
	volume = {43},
	year = {1990}}

@inproceedings{kamp1973free,
	author = {Kamp, Hans},
	booktitle = {Proceedings of the {A}ristotelian Society},
	date-added = {2018-02-21 19:53:19 +0000},
	date-modified = {2018-08-24 11:09:39 -0400},
	pages = {57--74},
	title = {Free choice permission},
	volume = {74},
	year = {1973}}

@incollection{wexler1987parameters,
	author = {Wexler, Kenneth and Manzini, M Rita},
	booktitle = {Parameter setting},
	date-added = {2018-02-20 01:49:36 +0000},
	date-modified = {2018-02-20 01:49:36 +0000},
	editor = {Thomas Roeper and Edwin Williams},
	pages = {41--76},
	publisher = {Springer},
	title = {Parameters and learnability in binding theory},
	year = {1987}}

@phdthesis{ford1976language,
	author = {Ford, William G},
	date-added = {2018-02-20 01:48:50 +0000},
	date-modified = {2018-02-20 01:48:50 +0000},
	school = {University of Toronto},
	title = {The language of disjunction},
	year = {1976}}

@inproceedings{goro2004acquisition,
	address = {Somerville, MA},
	author = {Goro, Takuya and Akiba, Sachie},
	booktitle = {Proceedings of the 23rd {W}est {C}oast Conference on Formal Linguistics},
	date-added = {2018-02-20 01:47:54 +0000},
	date-modified = {2018-08-23 19:24:12 -0400},
	pages = {251--264},
	publisher = {Cascadilla Press},
	title = {The acquisition of disjunction and positive polarity in {J}apanese},
	year = {2004}}

@article{nitta1966basic,
	author = {Nitta, Noriyoshi and Nagano, Shigefumi},
	date-added = {2018-02-20 01:44:56 +0000},
	date-modified = {2018-08-24 11:21:34 -0400},
	journal = {Research Bulletin of the National Institute for Educational Research, Tokyo},
	pages = {1--27},
	publisher = {National Institute for Educational Research, Tokyo},
	title = {Basic logical operations and their verbal expressions: child's conception of logical sum and product},
	volume = {7},
	year = {1966}}

@article{marcus1993negative,
	author = {Marcus, Gary F},
	date-added = {2018-02-20 01:44:35 +0000},
	date-modified = {2018-02-20 01:44:35 +0000},
	journal = {Cognition},
	number = {1},
	pages = {53--85},
	publisher = {Elsevier},
	title = {Negative evidence in language acquisition},
	volume = {46},
	year = {1993}}

@incollection{macwhinney1989competition,
	author = {MacWhinney, Brian},
	booktitle = {Linguistic Categorization},
	date-added = {2018-02-20 01:44:17 +0000},
	date-modified = {2018-02-20 01:44:17 +0000},
	pages = {195--242},
	publisher = {John Benjamins, Amsterdam},
	title = {Competition and lexical categorization},
	year = {1989}}

@incollection{macwhinney2002competition,
	address = {Cambridge},
	author = {MacWhinney, Brian},
	booktitle = {Cognition and Second Language Instruction},
	date-added = {2018-02-20 01:44:17 +0000},
	date-modified = {2018-08-24 11:16:10 -0400},
	editor = {Robinson, Peter},
	pages = {69--90},
	publisher = {Cambridge University Press},
	title = {The competition model: The input, the context, and the brain},
	year = {2002}}

@article{ambridge2014child,
	author = {Ambridge, Ben and Pine, Julian M and Lieven, Elena VM},
	date-added = {2018-02-20 01:43:52 +0000},
	date-modified = {2018-02-20 01:43:52 +0000},
	journal = {Language},
	number = {3},
	pages = {e53--e90},
	publisher = {Linguistic Society of America},
	title = {Child language acquisition: Why universal grammar doesn't help},
	volume = {90},
	year = {2014}}

@article{lieven1997lexically,
	author = {Lieven, Elena VM and Pine, Julian M and Baldwin, Gillian},
	date-added = {2018-02-20 01:43:52 +0000},
	date-modified = {2018-02-20 01:43:52 +0000},
	journal = {Journal of child language},
	number = {01},
	pages = {187--219},
	publisher = {Cambridge Univ Press},
	title = {Lexically-based learning and early grammatical development},
	volume = {24},
	year = {1997}}

@article{matthews2006effect,
	author = {Matthews, Danielle and Lieven, Elena and Theakston, Anna and Tomasello, Michael},
	date-added = {2018-02-20 01:43:52 +0000},
	date-modified = {2018-02-20 01:43:52 +0000},
	journal = {Applied Psycholinguistics},
	number = {03},
	pages = {403--422},
	publisher = {Cambridge Univ Press},
	title = {The effect of perceptual availability and prior discourse on young children's use of referring expressions},
	volume = {27},
	year = {2006}}

@book{piaget1958growth,
	address = {London},
	author = {Inhelder, Brbel and Piaget, Jean},
	date-added = {2018-02-20 01:43:16 +0000},
	date-modified = {2018-08-24 11:07:09 -0400},
	publisher = {Routledge},
	title = {The growth of logical thinking from childhood to adolescence: An essay on the construction of formal operational structures},
	volume = {84},
	year = {1958}}

@article{chouinard2003adult,
	author = {Chouinard, Michelle M and Clark, Eve V},
	date-added = {2018-02-20 01:42:43 +0000},
	date-modified = {2018-02-20 01:42:43 +0000},
	journal = {Journal of child language},
	number = {03},
	pages = {637--669},
	publisher = {Cambridge Univ Press},
	title = {Adult reformulations of child errors as negative evidence},
	volume = {30},
	year = {2003}}

@article{clark1973non,
	author = {Clark, Eve V},
	date-added = {2018-02-20 01:42:43 +0000},
	date-modified = {2018-02-20 01:42:43 +0000},
	journal = {Cognition},
	number = {2},
	pages = {161--182},
	publisher = {Elsevier},
	title = {Non-linguistic strategies and the acquisition of word meanings},
	volume = {2},
	year = {1973}}

@article{clark1993computational,
	author = {Clark, Robin and Roberts, Ian},
	date-added = {2018-02-20 01:42:43 +0000},
	date-modified = {2018-02-20 01:42:43 +0000},
	journal = {Linguistic Inquiry},
	number = {2},
	pages = {299--345},
	publisher = {JSTOR},
	title = {A computational model of language learnability and language change},
	volume = {24},
	year = {1993}}

@book{clark1993lexicon,
	author = {Clark, Eve V},
	date-added = {2018-02-20 01:42:43 +0000},
	date-modified = {2018-02-19 17:42:43 -0800},
	publisher = {Cambridge University Press},
	title = {The Lexicon in Acquisition},
	year = {1993}}

@book{clark1996using,
	author = {Clark, Herbert H},
	date-added = {2018-02-20 01:42:43 +0000},
	date-modified = {2018-02-19 17:42:43 -0800},
	publisher = {Cambridge University Press},
	title = {Using language},
	year = {1996}}

@book{clark2009first,
	address = {Cambridge},
	author = {Clark, Eve V},
	date-added = {2018-02-20 01:42:43 +0000},
	date-modified = {2018-08-23 18:24:48 -0400},
	edition = {2},
	publisher = {Cambridge University Press},
	title = {First language acquisition},
	year = {2009}}

@book{berwick1985acquisition,
	author = {Berwick, Robert C},
	date-added = {2018-02-20 01:41:54 +0000},
	date-modified = {2018-02-20 01:41:54 +0000},
	publisher = {MIT press},
	title = {The acquisition of syntactic knowledge},
	year = {1985}}

@article{beilin1975study,
	author = {Beilin, Harry and Lust, Barbara},
	date-added = {2018-02-20 01:41:39 +0000},
	date-modified = {2018-02-20 01:41:39 +0000},
	journal = {Studies in the cognitive basis of language development},
	pages = {76--120},
	title = {A study of the development of logical and linguistics connectives: Linguistics data},
	year = {1975}}

@article{akhtar1999acquiring,
	author = {Akhtar, Nameera},
	date-added = {2018-02-20 01:41:26 +0000},
	date-modified = {2018-02-20 01:41:26 +0000},
	journal = {Journal of child language},
	number = {02},
	pages = {339--356},
	publisher = {Cambridge Univ Press},
	title = {Acquiring basic word order: Evidence for data-driven learning of syntactic structure},
	volume = {26},
	year = {1999}}

@book{tomasello2003constructing,
	author = {Tomasello, Michael},
	date-added = {2018-02-20 01:41:03 +0000},
	date-modified = {2018-02-20 01:41:03 +0000},
	publisher = {Harvard University Press},
	title = {Constructing a language: A usage-based theory of language acquisition},
	year = {2003}}

@incollection{tomasello2009usage,
	author = {Tomasello, Michael},
	booktitle = {The Cambridge handbook of child language},
	date-added = {2018-02-20 01:41:03 +0000},
	date-modified = {2018-02-20 01:41:03 +0000},
	pages = {69--87},
	publisher = {Cambridge Univ. Press},
	title = {The usage-based theory of language acquisition},
	year = {2009}}

@article{johansson1977levels,
	author = {Johansson, Bo S},
	date-added = {2018-02-20 01:39:19 +0000},
	date-modified = {2018-08-24 11:08:53 -0400},
	journal = {British Journal of Psychology},
	number = {3},
	pages = {311--320},
	publisher = {Wiley Online Library},
	title = {Levels of mastery of the coordinators ``and'' and ``or'' and logical test performance},
	volume = {68},
	year = {1977}}

@article{neimarkSlotnick1970,
	author = {Neimark, Edith D and Slotnick, Nan S},
	date-added = {2018-02-20 01:39:05 +0000},
	date-modified = {2018-07-12 20:54:06 +0000},
	journal = {Journal of Educational Psychology},
	number = {6p1},
	pages = {451},
	publisher = {American Psychological Association},
	title = {Development of the understanding of logical connectives.},
	volume = {61},
	year = {1970}}

@article{crain2008logic,
	author = {Crain, Stephen and Khlentzos, Drew},
	date-added = {2018-02-19 18:04:46 +0000},
	date-modified = {2018-02-19 18:04:46 +0000},
	journal = {Biolinguistics},
	number = {1},
	pages = {024--056},
	title = {Is logic innate?},
	volume = {2},
	year = {2008}}

@article{crain2010logic,
	author = {Crain, Stephen and Khlentzos, Drew},
	date-added = {2018-02-19 18:04:46 +0000},
	date-modified = {2018-02-19 18:04:46 +0000},
	journal = {Mind \& Language},
	number = {1},
	pages = {30--65},
	publisher = {Wiley Online Library},
	title = {The logic instinct},
	volume = {25},
	year = {2010}}

@book{crain2012emergence,
	address = {Cambridge},
	author = {Crain, Stephen},
	date-added = {2018-02-19 18:04:46 +0000},
	date-modified = {2018-08-23 18:25:54 -0400},
	publisher = {Cambridge University Press},
	title = {The emergence of meaning},
	year = {2012}}

@article{notley2012notevery,
	author = {Notley, Anna and Thornton, Rosalind and Crain, Stephen},
	date-added = {2018-02-19 18:04:46 +0000},
	date-modified = {2018-02-19 18:04:46 +0000},
	journal = {Biolinguistics},
	number = {1},
	pages = {32--69},
	title = {English-Speaking Children's Interpretation of Disjunction in the Scope of `not every'},
	volume = {6},
	year = {2012}}

@article{sison1995simultaneous,
	author = {Sison, Cristina P and Glaz, Joseph},
	date-added = {2018-02-16 02:40:37 +0000},
	date-modified = {2018-02-16 02:40:37 +0000},
	journal = {Journal of the American Statistical Association},
	number = {429},
	pages = {366--369},
	publisher = {Taylor \&amp; Francis},
	title = {Simultaneous confidence intervals and sample size determination for multinomial proportions},
	volume = {90},
	year = {1995}}

@incollection{haspelmath2007,
	address = {Cambridge},
	author = {Haspelmath, Martin},
	booktitle = {Language Typology and Linguistic Description,},
	date-added = {2018-02-13 03:36:34 +0000},
	date-modified = {2018-08-23 19:29:59 -0400},
	editor = {Shopen, Timothy},
	publisher = {Cambridge University Press},
	title = {Coordination},
	year = {2007},
	Bdsk-Url-1 = {https://doi.org/10.1017/CBO9780511619434}}

@article{neisser1962hierarchies,
	author = {Neisser, Ulric and Weene, Paul},
	date-added = {2018-01-25 03:13:56 +0000},
	date-modified = {2018-01-25 03:13:56 +0000},
	journal = {Journal of Experimental Psychology},
	number = {6},
	pages = {640},
	publisher = {American Psychological Association},
	title = {Hierarchies in concept attainment.},
	volume = {64},
	year = {1962}}

@article{goodman2008does,
	author = {Goodman, Judith C and Dale, Philip S and Li, Ping},
	date-added = {2018-01-25 02:51:09 +0000},
	date-modified = {2018-01-25 02:51:09 +0000},
	journal = {Journal of child language},
	number = {3},
	pages = {515--531},
	publisher = {Cambridge University Press},
	title = {Does frequency count? Parental input and the acquisition of vocabulary},
	volume = {35},
	year = {2008}}

@article{childesdb,
	annote = { (in prep).  Manuscript in preparation.},
	author = {Alessandro Sanchez and Stephen Meylan and Mika Braginsky and Kyle MacDonald and Dan Yurovsky and Michael C. Frank},
	date-added = {2018-01-22 20:00:33 +0000},
	date-modified = {2018-01-22 20:00:33 +0000},
	title = {childes-db: a flexible and reproducible interface to the Child Language Data Exchange System (CHILDES).},
	year = {in prep}}

@book{macwhinney2000childes,
	address = {Mahwah, NJ},
	author = {MacWhinney, Brian},
	date-added = {2018-01-22 20:00:02 +0000},
	date-modified = {2018-08-24 11:15:44 -0400},
	publisher = {Erlbaum},
	title = {The {CHILDES} project: The database},
	volume = {2},
	year = {2000}}

@article{morris2008logically,
	author = {Morris, Bradley J},
	date-added = {2018-01-22 19:57:41 +0000},
	date-modified = {2018-08-24 11:20:00 -0400},
	journal = {Journal of Cognition and Development},
	number = {1},
	pages = {67--88},
	publisher = {Taylor and Francis},
	title = {Logically speaking: Evidence for item-based acquisition of the connectives ``and'' and ``or''},
	volume = {9},
	year = {2008}}

@incollection{gutzmann2014,
	author = {Gutzmann, Daniel},
	booktitle = {The Companion to Semantics},
	date-added = {2017-08-30 17:36:04 +0000},
	date-modified = {2017-08-30 17:38:13 +0000},
	editor = {Matthewson, Lisa and C{\'e}cile Meier and Hotze Rullmann and Thomas Ede Zimmermann},
	publisher = {Oxford: Wiley},
	title = {Semantics vs. Pragmatics},
	year = {2014}}

@book{gazdar79,
	address = {New York},
	author = {Gerald Gazdar},
	date-added = {2017-08-30 17:27:02 +0000},
	date-modified = {2018-08-23 18:33:18 -0400},
	publisher = {Academic Press},
	title = {Pragmatics: Implicature, presupposition, and logical form},
	year = {1979}}

@article{geurts2006exclusive,
	author = {Geurts, Bart},
	date-added = {2017-08-07 18:33:52 +0000},
	date-modified = {2017-08-07 18:33:52 +0000},
	journal = {Ms., University of Nijmegen},
	title = {Exclusive disjunction without implicatures},
	year = {2006}}

@book{horn1989natural,
	address = {Chicago, IL},
	author = {Laurence Horn},
	date-added = {2017-08-07 16:50:07 +0000},
	date-modified = {2018-08-24 11:02:42 -0400},
	publisher = {University of Chicago Press},
	title = {A natural history of negation},
	year = {1989}}

@article{katsos2011pragmatic,
	author = {Katsos, Napoleon and Bishop, Dorothy VM},
	date-added = {2017-01-26 19:37:43 +0000},
	date-modified = {2017-01-26 19:37:43 +0000},
	journal = {Cognition},
	number = {1},
	pages = {67--81},
	publisher = {Elsevier},
	title = {Pragmatic tolerance: Implications for the acquisition of informativeness and implicature},
	volume = {120},
	year = {2011}}

@article{johansson1975preschool,
	author = {Johansson, Bo S and Sjolin, Barbro},
	date-added = {2017-01-26 03:29:55 +0000},
	date-modified = {2018-07-20 21:59:36 +0000},
	journal = {Journal of Experimental Child Psychology},
	number = {2},
	pages = {233--240},
	publisher = {Elsevier},
	title = {Preschool children's understanding of the coordinators ``and'' and ``or''},
	volume = {19},
	year = {1975}}
>>>>>>> eaa78a2df3306cb074ce3de8dc06b59323d2db73
